3000 4979
922 348 1650 419 EPJSTOLARUM·
1676 350 1835 417 Lm.
1884 350 1936 415 1.
1986 358 2092 417 20.

2528 348 2660 424 517

1056 724 1644 808 EPISTOLA
1707 723 1904 808 XX.

1135 951 1238 999 AD
1272 951 1545 999 LIBRUM
1580 951 1791 999 SUUM.

288 1112 506 1160 camina
526 1126 607 1156 sua
627 1108 757 1172 vulgo
772 1101 987 1170 pmmm‘
1003 1104 1126 1152 dolet.
1161 1101 1214 1151 B.
1296 1103 1480 1166 (Severe
1505 1103 1641 1152 nimis
1662 1116 1931 1165 conceptum
1955 1104 2137 1151 lemma.
2203 1102 2566 1150 Monetlibrum
2587 1103 2638 1150 ἱιι

361 1176 448 1222 fine
470 1175 569 1236 ipso
589 1172 853 1229 voluminis,
883 1187 985 1232 quae
1005 1170 1099 1217 fata
1133 1169 1261 1216 illum
1299 1181 1530 1216 maneant.
1592 1170 1803 1233 Jucunda
1837 1169 2120 1230 apostrophe,
2159 1184 2249 1231 qua
2294 1168 2378 1215 sibi
2410 1167 2640 1215 blanditur

357 1240 527 1304 potius,
564 1252 610 1286 et
648 1238 848 1285 delatum
884 1236 937 1282 iri
960 1236 1005 1282 in
1028 1234 1202 1282 scholas
1222 1246 1269 1281 et
1291 1233 1336 1280 in
1361 1233 1615 1295 provincias
1637 1236 1831 1282 carmina
1855 1249 1932 1280 sua
1954 1234 2209 1296 pollicetur,
2230 1249 2365 1295 quam
2390 1245 2441 1279 ut
2465 1233 2519 1279 iis
2541 1249 2640 1280 me-

357 1317 475 1352 tunt.
536 1303 630 1350 Sub
652 1303 826 1350 satirica
846 1312 891 1349 et
923 1299 1086 1347 humili
1113 1299 1263 1361 specie
1299 1300 1410 1346 dicit
1448 1299 1524 1345 hic
1565 1315 1655 1346 non
1697 1300 1869 1346 minora
1892 1314 2025 1360 quam
2052 1300 2211 1347 Carm.
2231 1311 2278 1356 3.
2299 1308 2379 1357 30.
2444 1298 2638 1346 Pulchre

360 1371 444 1417 ista
469 1367 579 1416 vidit
601 1382 646 1414 et
671 1367 875 1413 imitatus
892 1377 961 1412 est
984 1364 1222 1412 Gallorum
1248 1363 1471 1410 Horatius
1494 1365 1637 1424 Epist.
1662 1365 1749 1411 xl.
1770 1365 1847 1426 qui
1872 1367 2007 1411 etiam
2025 1366 2183 1411 docere
2199 1363 2487 1410 Sanadonum
2507 1371 2641 1425 pote·

359 1446 446 1491 rat,
468 1448 558 1479 non
585 1448 761 1479 necesse
783 1447 895 1486 esse,
917 1430 1035 1478 utin
1056 1430 1208 1476 fronte
1225 1429 1467 1476 voluminis
1490 1441 1683 1490 ponatur
1705 1428 2105 1490 teleopusculum.
2140 1431 2224 1488 G.)
2308 1428 2539 1488 Allegoria
2562 1430 2640 1474 ad·

358 1501 546 1546 modum
563 1498 714 1559 jocosa
731 1497 894 1554 utitur,
916 1511 1005 1558 qua
1024 1494 1311 1558 epistolarum
1336 1494 1570 1550 volumen,
1589 1496 1711 1556 quod
1734 1495 1788 1541 ad
1812 1496 1960 1541 Sosios
1984 1494 2247 1555 bibliopolas
2272 1494 2433 1548 mittit,
2450 1509 2639 1555 compa·

359 1575 430 1610 rat
451 1577 557 1610 cum
577 1562 668 1609 filia
688 1562 869 1617 lasciva,
888 1576 992 1623 quae
1022 1575 1113 1606 non
1148 1559 1318 1606 diutius
1340 1559 1386 1605 in
1411 1559 1581 1605 edibus
1602 1560 1799 1621 paternis
1815 1572 1987 1606 restare
2008 1559 2124 1613 vult,
2144 1560 2239 1615 sed,
2260 1560 2402 1606 invito
2425 1571 2568 1620 patre,
2586 1561 2637 1605 in

359 1627 589 1691 publicum
611 1628 786 1689 prodire
808 1628 960 1688 ibique
983 1637 1178 1686 prostare
1198 1624 1338 1684 cupit.
1415 1625 1581 1670 Romae
1602 1625 1785 1687 quidem
1809 1625 1889 1680 ait,
1910 1625 2125 1686 quamdiu
2148 1624 2206 1671 sit
2229 1639 2400 1680 recens,
2418 1637 2638 1672 amatores

358 1709 455 1739 esse
476 1704 777 1754 reperturum,
800 1693 875 1739 sed
894 1691 1076 1738 tandem
1090 1701 1169 1736 aut
1185 1689 1438 1749 neglectum
1459 1688 1608 1750 plane,
1628 1702 1706 1737 aut
1722 1689 1769 1735 in
1789 1689 1976 1736 exilium
1997 1689 2184 1737 Uticam
2220 1690 2292 1736 vei
2317 1689 2506 1738 Ilerdam
2533 1690 2643 1736 mis·

356 1773 460 1805 eum
484 1758 558 1816 iri,
578 1769 656 1805 aut
675 1758 825 1820 pueris
848 1758 900 1804 ad
917 1755 1175 1802 litterarum
1193 1754 1416 1802 elementa
1440 1754 1544 1801 inde
1567 1755 1776 1802 discenda
1797 1770 1892 1802 esse
1916 1755 2205 1803 serviturum.

561 1939 1028 2003 vnn-romum
1060 1937 1446 2026 Janumqoe,
1477 1936 1665 2017 liber,
1700 1952 1989 2024 spectare
2024 1939 2293 2016 videris3

558 2054 819 2118 Scilicet
850 2065 920 2116 ut
950 2063 1200 2137 prostes
1235 2052 1567 2117 Sosiorum
1598 2053 1854 2136 pumice
1885 2051 2185 2116 mundus,

561 2166 777 2235 Odisti
808 2166 1040 2245 claves,
1073 2179 1139 2232 et
1164 2181 1352 2255 grata
1382 2165 1594 2254 sigilla
1623 2165 1902 2250 pudico:

563 2279 793 2346 Paucis
825 2279 1080 2345 ostendi
1110 2279 1335 2367 gemiS,
1370 2291 1434 2342 et
1464 2279 1830 2342 communia
1857 2277 2115 2353 laudor,

421 2401 468 2457 5
560 2392 713 2458 Non
751 2392 840 2455 itu
869 2393 1169 2456 nutritus·

561 2503 712 2568 Non
746 2504 867 2568 erit
897 2506 1131 2570 emisso
1161 2504 1405 2569 reditus
1434 2504 1573 2569 tibi.

1265 2391 1448 2479 Fuge
1490 2415 1620 2478 quo
1651 2391 2034 2455 descendere
2063 2391 2291 2479 gestis:

1666 2503 1846 2579 Quid
1880 2505 2070 2570 miser
2098 2507 2201 2593 egi
2219 2503 2249 2568 Ρ

559 2617 736 2695 Quid
771 2616 993 2684 volui?
1036 2618 1230 2697 dices,
1269 2619 1379 2683 ubi
1413 2617 1569 2704 quid
1606 2632 1667 2682 te
1702 2617 1937 2683 laeserit
1956 2643 1974 2693 3
2023 2634 2087 2683 et
2117 2620 2240 2684 scis

288 2842 317 2876 ι
353 2828 652 2876 venusinum
670 2830 836 2890 prime
869 2828 963 2875 edd.
995 2830 1126 2876 etiam
1151 2828 1326 2876 Lumbi.
1361 2829 1649 2876 Pertunnum
1675 2829 1734 2875 Ζ.

1192 2906 1217 2952 7
1253 2894 1362 2956 quid
1385 2908 1428 2941 te
1451 2912 1506 2940 ex
1531 2894 1684 2941 MSS.
1708 2895 1854 2941 Benel.
1916 2894 2018 2955 quis
2038 2896 2168 2958 vulg.

761 2894 970 2940 scendere
998 2894 1057 2941 Z.

677 3060 878 3109 EPIST.
920 3063 1040 3110 XX.

358 3140 383 3177 1
425 3129 705 3176 Vere-nrum
745 3128 988 3190 lanamque
1002 3149 1020 3182 ,-
1075 3128 1129 3174 ad
1174 3128 1423 3175 Vertumni

242 3200 250 3205 '
291 3193 435 3239 adem
458 3206 505 3239 et
525 3193 628 3256 Jani
655 3194 831 3239 Arcum
858 3207 1023 3238 mensae
1040 3192 1149 3254 (Ar.
1162 3193 1214 3239 P.
1228 3206 1338 3252 374.
1358 3211 1424 3241 co·

290 3260 450 3304 lumnae
466 3259 548 3317 G.)
571 3268 699 3304 erant
719 3256 1079 3318 bibliopolarum.
1124 3258 1428 3316 Vertumnus,

288 3334 407 3369 teste
429 3323 652 3377 Varrone,
664 3322 868 3384 princeps
888 3321 1124 3368 Hetruriae
1140 3324 1265 3377 deus,
1276 3323 1424 3370 Tem·

286 3388 416 3450 plum
440 3387 627 3434 habebat
648 3387 693 3433 in
719 3387 818 3434 vico
840 3387 1052 3443 Turario,
1071 3387 1166 3434 sive
1186 3389 1361 3445 Tusco,
1379 3390 1423 3435 in

288 3451 429 3499 Valle
465 3452 644 3499 Montis
683 3451 836 3507 Coelii,
874 3464 926 3499 ut
962 3453 1157 3500 ostendit
1179 3452 1423 3515 CruquiuS.

286 3517 359 3579 (V
361 3529 599 3565 ertumnus
622 3517 742 3564 Deus
765 3527 805 3562 et
820 3530 985 3582 praeses
1007 3536 1152 3564 rerum
1191 3522 1424 3565 vertenda-

286 3596 402 3640 rmn,
438 3583 485 3629 h.
506 3599 546 3629 e.
579 3585 845 3629 emendarunt
881 3594 925 3630 et
962 3584 1301 3630 vendendarum.
1363 3585 1423 3631 In

287 3652 390 3696 vico
413 3648 608 3695 Turario
626 3648 826 3694 sacellum
848 3648 1014 3695 habuit.
1101 3650 1242 3695 Janus
1263 3667 1424 3713 quoque

283 3714 492 3761 similiter
511 3717 638 3760 viam
659 3727 738 3769 est,
759 3713 813 3759 ab
837 3714 952 3759 Jano
975 3716 1139 3777 gemino
1174 3718 1235 3761 sic
1273 3717 1423 3778 appel-

288 3779 424 3837 latus,
456 3781 534 3840 qui
569 3782 614 3823 in
650 3796 697 3824 eo
735 3779 905 3826 Arcum
941 3778 1070 3826 habet
1105 3780 1188 3825 sibi
1208 3797 1424 3826 consecra-

288 3856 395 3891 tm.
428 3844 540 3890 Vet.
563 3842 715 3889 Schol.

354 3921 388 3959 2
421 3909 615 3962 Prosus,
644 3907 841 3964 Diloguc
862 3907 1042 3969 posuitz
1081 3924 1184 3957 nam
1225 3920 1428 3970 prostant

285 3985 336 4020 et
367 3973 474 4021 iibri
509 3984 556 4021 et
590 3972 830 4019 meretricii
870 3972 1011 4033 pueri.
1076 3974 1257 4032 signate
1294 3974 1431 4034 igitur

289 4039 480 4101 subjecit
496 4042 695 4102 pumice-.-
729 4051 835 4083 nam
869 4037 1125 4098 hujusmodi
1152 4039 1276 4099 pueri
1300 4051 1430 4087 erant

282 4107 451 4169 pandet
471 4106 597 4160 leves,
636 4103 756 4166 quod
793 4103 856 4149 ait
891 4102 1140 4165 Juvenalis.
1175 4103 1225 4148 B.
1293 4104 1429 4150 Pueri

288 4178 454 4216 nutura
488 4169 611 4215 leves
647 4183 740 4215 non
757 4167 965 4226 indigent
986 4168 1181 4228 pumice.
1245 4167 1430 4230 Simpli-

287 4233 407 4281 citer
430 4234 487 4281 ad
508 4233 685 4281 cultum
708 4233 996 4280 voluminum
1033 4231 1228 4294 respicit.
1302 4233 1428 4280 Tota

290 4298 393 4345 haec
410 4298 594 4358 Dilogia
616 4298 729 4345 mihi
753 4314 845 4345 non
868 4297 1029 4360 placet.
1063 4298 1125 4342 G.

349 4362 467 4411 Sosin·
504 4363 579 4410 illo
620 4376 800 4428 tempore
820 4366 1013 4427 fratres*
1036 4371 1161 4408 erant
1183 4361 1433 4425 Bibliopolae

283 4429 568 4479 celeberrimi.
604 4429 714 4477 Vet-
744 4429 896 4478 Schol.
915 4429 967 4477 B.
1002 4428 1064 4475 V.
1086 4430 1146 4474 A.
1164 4428 1215 4475 P.
1236 4440 1347 4488 345.
1367 4430 1435 4475 G.

1927 2840 1957 2888 5
1993 2830 2257 2877 descendere
2278 2831 2409 2877 m‘an·
2439 2831 2497 2876 G.
2554 2828 2631 2876 di-

1559 3076 1586 3123 3
1627 3063 1815 3118 Claves,·
1872 3062 2216 3109 includebantur
2266 3073 2310 3109 et
2356 3061 2437 3109 sub
2483 3060 2628 3120 sigillo

1490 3141 1621 3176 erant
1653 3129 1780 3189 pueri
1813 3139 1860 3175 et
1891 3128 2103 3187 virgines,
2148 3142 2345 3189 quorum
2396 3126 2626 3189 pudicitia:

1489 3194 1730 3256 propinqui
1752 3194 2035 3239 verebantur.

1556 3274 1587 3316 4
1622 3259 1780 3305 Paucis
1803 3260 1960 3305 ostendi
1969 3259 2142 3322 genuit,-
2180 3268 2314 3320 atque
2351 3255 2438 3303 hoc
2476 3255 2628 3317 impu-

1491 3324 1694 3372 dicorum
1716 3334 1796 3370 est.

1561 3391 1833 3440 Communia3
1866 3386 1963 3434 loca
1986 3385 2177 3449 publica.

1554 3467 1583 3514 5
1622 3456 1728 3501 Non
1768 3457 1834 3500 ita
1872 3455 2092 3504 nutritum
2151 3453 2328 3515 supple,
2367 3451 2624 3512 Quamvis.-

1490 3535 1593 3567 nam
1618 3532 1848 3581 parentem
1872 3518 2065 3566 habuisti
2089 3519 2408 3564 verecundum.
2444 3517 2497 3562 Β.

1555 3587 1692 3650 Fuge,
1722 3600 1775 3631 ex
1812 3585 2005 3647 quadam
2047 3584 2186 3630 animi
2209 3580 2515 3642 indignatione
2538 3577 2625 3628 hoc

1487 3651 1737 3711 profertur:
1764 3666 1809 3712 q.
1823 3651 1866 3696 d.
1888 3647 1993 3711 quia
2015 3660 2249 3708 tantopere
2267 3648 2409 3708 cupis.
2428 3661 2510 3693 nec
2528 3661 2626 3691 me-

1486 3714 1672 3761 lioribus
1706 3714 1903 3762 consiliis
1940 3714 2005 3758 vis
2045 3728 2214 3774 parere,
2245 3712 2367 3771 fuge,
2403 3727 2495 3774 quo
2533 3711 2626 3758 ruis

1487 3795 1592 3826 cum
1614 3782 1778 3826 damno
1799 3792 1897 3825 tuo·
1934 3780 1996 3825 Z.

1560 3846 1735 3891 Omnes
1783 3844 1874 3889 sere
1922 3842 2026 3888 libri
2078 3856 2159 3904 pro
2189 3843 2392 3888 discedere
2423 3840 2632 3901 legerunt

1491 3911 1746 3965 descendere,
1766 3909 1885 3970 quod
1906 3907 2017 3953 mihi
2033 3923 2137 3954 cum
2153 3907 2378 3968 Cruquio,
2399 3906 2627 3954 Lambino

1494 3986 1542 4020 et
1574 3974 1819 4021 Torrentio
1853 3972 2086 4034 (Bentleio
2107 3972 2269 4030 etiam)
2292 3973 2486 4024 arridetz
2524 3985 2627 4020 tan·

1494 4053 1632 4099 quarn
1666 4039 1832 4085 diceret
1864 4037 1913 4084 in
1947 4036 2158 4099 lupanar:
2196 4049 2242 4083 et
2277 4037 2332 4083 ad
2366 4036 2523 4084 viliora
2545 4038 2628 4083 de·

1493 4103 1764 4150 scendimus.
1795 4103 1849 4150 B.
1929 4103 2210 4149 Descendit-r
2229 4102 2367 4149 etiam
2390 4102 2435 4149 in
2458 4103 2627 4150 forum.

1559 4231 1589 4280 6
1623 4232 1799 4285 Miser3
1837 4231 2129 4294 improvidus,
2148 4231 2442 4280 inconsultum

1497 4362 1514 4410 ¹
1548 4310 1592 4372 ‘7
1628 4297 1740 4357 Scis,
1753 4298 1848 4361 jam
1872 4296 2083 4357 intelligis
2100 4298 2219 4359 quod
2235 4311 2338 4348 ante
2355 4298 2532 4346 credere
2546 4311 2633 4345 no·

1519 4374 1639 4415 nisti.
