3000 4979
712 303 817 372 IN
861 301 1419 373 VARIETATE
1465 300 2002 372 LECTIONIS.
2381 300 2520 377 xxv

207 521 458 598 glirem
468 528 502 590 ;
542 520 752 595 quam
776 498 1053 595 quidem
1075 496 1841 593 castigationem—non
1861 493 2526 593 potuiss-Stephano

216 637 330 699 tuo
371 622 1466 717 Cremonensi-denegare—et
1505 621 1672 718 quia
1718 621 1842 693 tibi
1890 622 1976 693 ob
2021 618 2174 715 ejus
2205 627 2523 717 pruden-

214 750 383 822 tiam
417 748 959 841 singularesque
991 747 1289 819 virtutes
1319 768 1531 819 carus
1554 754 1662 818 est
1680 746 2530 821 contubernalis.—-Proe-

217 873 457 946 sertim
487 895 649 944 cum
680 893 976 943 vererer
1020 893 1110 943 ne
1163 870 1249 943 si'
1275 870 1356 943 id
1389 870 1680 966 penitus
1729 872 2212 943 detrectassem
2234 899 2259 941 .·
2301 870 2534 965 pluri-

214 1020 399 1069 mum
450 998 544 1069 de
588 992 967 1088 mcy‘estate
999 993 1354 1068 Gratiana
1399 993 1601 1066 nobis
1657 994 2018 1065 tolleretur
2043 1022 2067 1064 .·
2122 994 2209 1066 ob
2241 1004 2530 1068 temera-

216 1119 404 1193 rium
436 1129 515 1192 et
543 1119 765 1192 veluti
797 1118 1234 1213 sacrilegum.
1249 1117 1615 1213 cujusdam
1643 1127 1966 1190 conatum
1989 1146 2013 1187 .·
2052 1118 2173 1214 qui
2205 1117 2554 1190 recentis--

218 1243 429 1315 simas
460 1241 543 1315 in
577 1242 910 1316 Flaccum
941 1242 1553 1337 interpretationes
1592 1241 1862 1314 edidit.-
1915 1239 2276 1333 (Christo.
2324 1238 2526 1314 Lan·

222 1365 487 1439 diuum
518 1364 804 1464 tangit)
839 1369 928 1439 de
960 1365 1208 1463 quibus
1238 1366 1600 1439 verissime
1631 1364 1771 1438 dici
1809 1374 2049 1460 potest
2087 1363 2167 1438 id
2213 1367 2404 1461 quod
2415 1422 2422 1425 -
2444 1369 2534 1439 de

222 1487 519 1584 Rupilio
571 1512 752 1585 rege
799 1499 1037 1563 noster
1086 1490 1318 1587 inquit
1366 1490 1665 1564 Gratius
1717 1489 1880 1562 Pus
1937 1499 2144 1585 atque
2200 1510 2540 1562 venenum

229 1622 366 1685 tam
414 1635 743 1686 sensuum
791 1636 1000 1711 quam
1048 1614 1426 1686 verbomm
1473 1609 1687 1705 hujus
1735 1609 2250 1683 eminentissimi
2298 1612 2481 1684 vatis
2510 1641 2537 1682 .-

234 1736 316 1809 id
364 1737 553 1831 quod
590 1736 739 1808 nisi
760 1772 765 1776 ·
786 1736 1323 1832 Porphyrionis
1381 1734 1718 1807 antidotis
1782 1753 2180 1828 repressum
2219 1730 2493 1824 fuisset
2508 1764 2541 1822 ,-

239 1857 433 1930 brevi
494 1868 678 1931 totus
743 1859 1214 1934 contabuisset
1265 1857 1589 1933 Oratius.
1693 1856 1981 1939 Quodni
2039 1854 2428 1930 dubitarem
2479 1866 2546 1929 te

229 1982 552 2054 maximis
599 1982 799 2056 curis
833 1982 1226 2058 districtum
1250 1982 1563 2082 longiori
1591 1982 1887 2079 epistola
1917 1981 2268 2056 remorari
2292 2011 2318 2052 .-
2370 2004 2551 2054 com·
2689 2020 2694 2025 ·

220 2128 693 2180 memorarem
727 2107 841 2180 hic
872 2107 1091 2180 multa
1115 2108 1190 2181 in
1225 2106 1476 2204 quibus
1510 2105 1847 2203 egregius
1873 2106 1990 2179 ille
2014 2114 2397 2180 enarrator
2426 2106 2549 2179 Ῑιο-

214 2229 638 2303 nestissimis
670 2228 1086 2304 dictionibus
1107 2242 1391 2327 poetam
1417 2223 2034 2326 huncfiaudando
2048 2230 2336 2327 penitus
2358 2230 2549 2302 insa·

216 2353 428 2428 nivit.
537 2355 796 2451 Itaque
829 2354 956 2427 hos
989 2355 1206 2427 libros
1238 2353 1738 2428 studiosissime
1789 2364 2118 2451 quantum
2167 2356 2297 2428 sub
2345 2356 2550 2430 unico

219 2477 630 2574 exemplari
651 2509 677 2550 .-
714 2502 932 2576 eoque
958 2488 1343 2576 temporum
1376 2478 1646 2575 injuria
1671 2501 1876 2553 exeso
1904 2510 1928 2550 .·
1965 2478 2554 2577 librariorumque

219 2603 521 2676 incuria
567 2603 1086 2676 mendosissimo
1136 2602 1691 2698 recognovimus.
1828 2603 2148 2677 Ceterum
2199 2604 2555 2700 impressis

223 2729 433 2804 libris
468 2739 550 2802 et
573 2730 1053 2826 recognitione
1057 2726 1226 2825 jam
1249 2729 1614 2824 publicata
1649 2727 1918 2827 (Estne
1952 2727 2142 2818 haec,
2195 2751 2415 2826 quam
2465 2728 2549 2805 B.

224 2848 629 2925 Fabricius
663 2852 765 2926 ita
812 2862 1202 2942 memorat,
1242 2877 1385 2949 per
1418 2854 1636 2926 Anto.
1675 2855 2019 2927 Zarotum
2059 2854 2548 2941 Par-mmm,

219 2974 575 3070 impensis
610 2976 1001 3072 Augustini
1051 2976 1332 3052 Marioe
1380 2976 1681 3073 Conagi,
1734 2973 2045 3048 Mediol.
2110 2986 2301 3048 1485
2333 2974 2458 3049 fol.
2486 2975 2553 3072 ?)

229 3099 447 3171 venit
493 3103 592 3172 ad
633 3124 882 3174 manus
928 3123 1118 3174 meas
1179 3100 1604 3196 Porphyrio
1666 3099 1941 3196 quidem
1992 3101 2554 3196 antiquissimus.-

224 3220 458 3318 cujus
484 3244 661 3318 ope.-
685 3225 1078 3323 pleraque
1051 3248 1128 3298 in
1151 3224 1400 3322 quibus
1426 3221 1898 3316 intelligendis
1921 3244 2047 3293 nec
2043 3221 2401 3319 frequens
2429 3225 2561 3297 lec-

228 3345 397 3419 tio.-
454 3369 588 3420 nec
611 3351 953 3444 pertinax
984 3349 1292 3423 studium
1334 3348 1452 3421 ¹wel
1478 3346 1833 3421 minimum
1866 3346 2271 3440 conferret.-
2323 3347 2567 3421 melius

228 3471 535 3568 corrigi
584 3473 1066 3572 castigarique
1113 3481 1425 3570 possent.
1533 3471 1777 3553 Quare
1810 3478 1892 3542 ut
1919 3470 2404 3545 amantissimis
2433 3473 2571 3547 mei

220 3596 538 3693 plenius
571 3597 1029 3695 obsequerer.-
1066 3597 1197 3670 lzoc
1231 3596 1448 3669 libros
1477 3594 1648 3668 meis
1682 3594 2016 3668 sumtibus
2047 3594 2298 3668 iterum
2329 3595 2573 3693 impri-

233 3721 553 3794 mendos
575 3721 826 3795 curavi
836 3749 867 3795 .·
900 3720 1313 3820 atque-ita
1335 3719 1770 3816 expositores
1792 3719 1868 3791 in
1881 3728 2114 3816 poetoe
2135 3717 2574 3816 marginibus

232 3843 647 3919 collocavi.-
700 3856 785 3919 ut
798 3847 1031 3941 facile
1079 3846 1372 3942 cognitu
1415 3844 1514 3918 sit
1556 3842 1869 3919 omnibus
1891 3872 1916 3915 .·
1971 3842 2145 3940 quid
2174 3842 2371 3917 Acro
2406 3842 2585 3941 quid

237 3969 591 4042 eruditus
621 3970 1045 4068 Porphyrio
1079 3992 1295 4065 super
1326 3970 1566 4043 eodem
1596 3966 1920 4041 sentiant.
2028 3963 2122 4038 In
2154 3964 2301 4040 fine
2330 3965 2577 4042 denuo

242 4089 548 4191 aliquid
559 4090 729 4168 bilis
750 4093 829 4167 in
840 4091 1264 4169 Laudinum
1277 4102 1354 4165 et
1366 4089 1556 4165 forte
1569 4088 1948 4188 Angelum
1963 4085 2405 4164 Politianum
2429 4102 2575 4166 est:

252 4215 347 4293 In
386 4240 542 4316 qua
580 4216 861 4319 quidem
892 4217 1365 4318 recognitione
1398 4239 1541 4293 non
1573 4215 1851 4313 inficior
1883 4215 2097 4292 multa
2131 4226 2216 4292 ut
2249 4215 2322 4290 in
2356 4239 2582 4291 exem·
