3000 4979
390 259 516 316 548

661 427 763 492 Te
794 425 1127 490 dominum
1159 413 1368 491 sentit.

1090 251 1174 326 Q.
1225 245 1648 316 HORATII
1699 251 2042 318 FLACCI

1458 427 1572 491 das
1602 449 1919 507 nummOS,
1954 428 2189 514 accipis
2220 450 2433 508 uvam,

665 537 909 612 Pullos,
943 558 1083 612 ova,
1118 535 1347 600 cadum
1382 539 1639 601 temeti:
1686 561 1920 623 nempe
1948 539 2147 603 modo
2176 540 2297 604 isto

660 647 980 712 Paulatim
1011 647 1311 709 mercaris
1341 668 1589 734 agrum,
1614 647 1884 713 fortasse
1914 649 2235 726 trecentiS,

451 761 573 824 165

668 759 804 823 Aut
834 758 1024 822 etiam
1057 778 1271 840 supra,
1307 778 1715 820 nummorum
1746 758 2029 822 millibus
2059 772 2318 822 emtum.

663 867 843 943 Quid
877 866 1089 944 refert,
1122 865 1295 931 vivas
1325 880 1662 933 numerato
1691 890 1901 954 nuper
1933 892 2017 933 an
2048 870 2203 934 olim
2225 868 2257 933 P

662 979 896 1044 Emtor
928 978 1178 1043 Aricini
1207 978 1535 1065 quondam
1567 979 1860 1044 Veientis
1891 992 1954 1045 et
1988 981 2124 1044 arvi

661 1089 925 1155 Emtum
957 1101 1167 1153 coenat
1198 1087 1358 1166 oluS,
1394 1091 1684 1175 quamvis
1714 1090 1900 1155 aliter
1929 1103 2149 1176 putat3
2198 1091 2380 1155 emtis

668 1194 803 1258 Sub
834 1207 1087 1257 noctem
1119 1193 1398 1280 gelidam
1428 1195 1625 1282 lignis
1656 1195 1989 1260 calefactat
2019 1194 2296 1260 ahenum
2322 1221 2340 1272 3

668 1304 797 1368 Sed
829 1317 1012 1367 vocat
1042 1327 1241 1390 usque
1272 1302 1478 1384 suurn,
1514 1329 1642 1393 qua
1670 1307 1946 1393 populus
1977 1307 2186 1371 adsita
2215 1307 2399 1371 certis

667 1414 1010 1479 Limitibus
1042 1416 1249 1480 vicina
1280 1416 1516 1504 refugit
1548 1419 1809 1504 jurgia3
1854 1431 2159 1504 tanquam

669 1524 767 1589 Sit
798 1525 1130 1610 proprium
1162 1526 1535 1613 quidquam,
1568 1542 1812 1613 puncto
1842 1527 2017 1614 quod
2049 1526 2302 1590 mobilis
2331 1525 2509 1589 horae

665 1634 859 1699 Nunc
889 1656 1100 1720 prece,
1134 1658 1306 1700 nunc
1337 1638 1571 1721 pretio,
1603 1659 1776 1702 nunc
1806 1638 1888 1714 vi,
1925 1660 2097 1701 nunc
2130 1650 2298 1702 sorte
2329 1658 2657 1721 suprema,

671 1746 1005 1810 Permutet
1033 1745 1348 1825 dominos,
1383 1761 1448 1813 et
1480 1748 1668 1813 cedat
1701 1749 1768 1811 in
1800 1748 2005 1812 altera
2038 1748 2214 1833 jura.

460 1864 578 1925 175
674 1857 782 1921 Sic
812 1857 962 1943 quia
991 1870 1338 1942 perpetuus
1369 1857 1532 1922 nulli
1563 1858 1753 1922 datur
1783 1880 1954 1935 usus,
1990 1868 2053 1921 et
2083 1856 2286 1921 haeres

671 1966 1026 2031 Haeredem
1058 1967 1335 2047 alteriuS,
1371 1968 1544 2034 velut
1575 1969 1748 2033 unda
1778 1968 2142 2054 supervenit
2172 1966 2407 2031 undam
2433 1989 2453 2041 ς

675 2076 855 2153 Quid
886 2078 1010 2142 vici
1037 2090 1326 2163 prosunt,
1361 2094 1471 2144 aut
1499 2077 1786 2144 horrea?
1831 2079 2068 2166 quidve
2101 2077 2391 2144 Calabris

676 2189 958 2257 Saltibus
989 2192 1217 2279 adjecti
1249 2191 1522 2272 Lucani,
1552 2194 1605 2257 si
1635 2194 1819 2258 metit
1853 2193 2063 2258 Orcus

418 2424 510 2488 169
539 2424 733 2484 gelidum
758 2425 921 2472 Sanad.
936 2417 1064 2475 inde.

478 2568 570 2617 177
599 2568 684 2622 pro
704 2558 813 2615 vici,
832 2558 947 2606 vitet
971 2560 1133 2606 Marc.
1151 2578 1204 2607 ex
1231 2561 1447 2625 Porphyr-

480 2722 574 2773 166
610 2727 764 2792 Refert
784 2728 938 2791 supple
961 2730 1027 2777 ad
1045 2728 1124 2777 tria
1147 2734 1328 2797 negotia.

480 2793 729 2839 Numerata
768 2804 903 2857 nuper
911 2815 930 2848 ,-
986 2794 1131 2857 prctio
1175 2798 1265 2858 agri
1297 2811 1378 2860 per
1407 2806 1555 2859 partes

413 2869 678 2914 numerat03
727 2860 848 2920 quod
897 2870 949 2905 tu
1003 2860 1113 2907 facis
1145 2861 1254 2909 dum
1287 2861 1551 2924 pensionem

414 2921 549 2968 solvis
569 2924 826 2984 quotannis.
857 2924 914 2973 B.
979 2925 1158 2982 Potius,
1176 2928 1284 2973 dum
1305 2928 1360 2974 de
1383 2926 1550 2975 {ructi-

415 2985 501 3033 bus
522 2987 653 3043 emis,
673 2989 847 3050 quoties
870 3004 983 3050 opus
1008 3001 1091 3037 est.
1124 2994 1187 3039 G.

479 3049 571 3111 167
606 3053 767 3102 Emtor
788 3055 994 3108 Ariciniff
1029 3056 1108 3117 qui
1131 3056 1302 3107 scilicet
1322 3073 1348 3103 a
1392 3055 1551 3103 multis

414 3128 543 3166 retro
567 3118 740 3167 saeculis
763 3119 1004 3169 Aricinum
1027 3120 1100 3167 vel
1121 3121 1367 3169 Veientem
1390 3135 1548 3182 agrum

416 3182 471 3228 de
494 3182 663 3244 populo
686 3183 896 3232 Romano
917 3197 1105 3233 emerat.
1137 3187 1193 3233 Β.
1279 3186 1392 3233 Illud
1416 3204 1550 3249 quon-

415 3250 515 3294 dan·
552 3263 645 3295 non
681 3248 737 3292 ad
775 3249 1083 3311 antiquissima
1119 3263 1322 3314 tempora
1359 3252 1555 3313 respicit,

418 3327 525 3359 cum
565 3328 719 3373 agrum
743 3314 1012 3375 populorum
1037 3332 1062 3362 a
1084 3332 1131 3361 se
1152 3317 1431 3364 devictorum
1458 3313 1550 3377 pri·

418 3378 533 3425 vatis
571 3376 774 3424 vendidit
807 3378 1030 3440 populosa
1067 3381 1145 3431 sed
1164 3380 1249 3428 hoc
1272 3382 1408 3428 modo
1438 3379 1556 3436 vult,

421 3442 518 3505 Qui
539 3443 678 3502 longo
699 3454 803 3489 ante
824 3453 1029 3503 tempore
1050 3445 1161 3493 ernit
1197 3460 1373 3505 agrum,
1403 3445 1556 3505 quales

419 3521 527 3557 sunt
550 3508 791 3557 suburbani
827 3507 891 3553 illi
915 3508 1130 3557 Veientes
1164 3521 1211 3557 et
1247 3510 1444 3567 Aricini,
1478 3509 1554 3555 ille

420 3574 601 3635 proprie
643 3589 733 3619 non
773 3585 917 3622 coenat
939 3574 1066 3636 dapes
1089 3578 1264 3621 inemtas
1286 3574 1417 3637 [quas
1454 3575 1556 3621 lau-

419 3638 495 3683 dat
519 3639 604 3699 Ep.
633 3650 679 3686 2.
695 3636 798 3700 48.]
826 3639 903 3686 sed
920 3652 1063 3687 emtas
1080 3640 1127 3687 in
1144 3655 1322 3687 summa
1340 3639 1432 3696 illa,
1451 3655 1554 3701 quae

420 3719 507 3766 pro
530 3714 629 3749 toto
651 3718 754 3761 agro
776 3703 921 3751 soluta
943 3716 1026 3751 est.
1060 3706 1124 3752 G.

491 3779 586 3826 170
621 3768 721 3827 Qua
752 3770 935 3833 populus
947 3791 965 3823 ‚-
1002 3771 1094 3830 agri
1116 3769 1282 3818 limites
1300 3768 1457 3817 festive
1479 3769 1558 3816 de-

424 3851 459 3879 οι
492 3846 586 3880 nat.

461 3851 581 3955 g171
618 3897 729 3944 Non
752 3897 897 3958 placet
920 3899 1112 3946 Bentleii
1136 3900 1300 3964 refigit,
1316 3915 1372 3946 ex
1388 3900 1551 3947 obscu-

419 3962 551 4010 rioris
568 3974 687 4008 notae
706 3963 991 4010 Membranis
1008 3965 1197 4027 aliquot.
1261 3965 1438 4011 Servius
1460 3965 1553 4027 ipse

423 4027 533 4086 legit
555 4029 740 4091 refugit,
774 4041 823 4074 ut
857 4028 928 4075 vel
958 4029 1048 4091 ipse
1074 4043 1200 4077 notat
1225 4030 1469 4077 Bentleius.
1505 4031 1557 4075 B.

421 4094 623 4155 Refugit,
644 4092 845 4149 evitavit,
864 4094 894 4140 i.
915 4110 954 4140 e.
973 4110 1127 4141 cavere
1165 4095 1278 4142 solet
1311 4111 1362 4141 ac
1401 4094 1556 4157 prohi-

421 4157 545 4203 bere.
607 4156 719 4203 Ter.
739 4159 889 4204 Andr.
911 4172 958 4216 4.
979 4173 1025 4215 4.
1048 4172 1125 4219 27.
1161 4160 1399 4216 Chremes,
1423 4160 1554 4207 Recte

423 4242 515 4288 ego,
550 4221 717 4282 inquit,
742 4223 851 4287 fugi
870 4224 949 4270 bas
972 4227 1165 4288 nuptias,
1185 4240 1273 4271 non
1298 4226 1353 4271 de
1375 4224 1467 4271 suis
1487 4224 1560 4271 lo·

426 4304 585 4355 quens,
607 4288 682 4332 sed
704 4287 825 4343 filiae,
846 4304 955 4351 quas
977 4290 1253 4350 prohibebat.
1288 4292 1350 4336 G.

494 4365 585 4414 173
623 4351 751 4398 Nunc
773 4355 823 4398 vi
835 4373 853 4406 ,·
888 4369 935 4400 se
979 4356 1275 4419 proscriptum
1314 4352 1552 4403 meminit:

1283 2441 1372 2491 171
1410 2429 1554 2488 refigit
1573 2429 1701 2475 etlam
1732 2428 1837 2476 Boe.
1857 2441 1900 2474 et
1925 2427 2034 2476 Gun-

477 2492 637 2540 MSS.
673 2502 713 2538 et
743 2495 902 2554 prinis
942 2495 1067 2541 editt.
1148 2493 1217 2543 Et
1237 2499 1300 2543 sic
1326 2499 1383 2542 G.
1409 2494 1451 2543 S.
1476 2498 1538 2543 Z.
1561 2496 1693 2544 Med.
1727 2505 1870 2555 1477.
1899 2503 1976 2541 etc.

2231 2437 2320 2486 173
2354 2435 2506 2472 morte
2530 2425 2686 2472 Bentl-
2703 2444 2764 2473 ex

2172 2502 2262 2552 175
2298 2493 2388 2539 Sed
2419 2493 2550 2540 MS·
2585 2494 2762 2542 swa.

1618 2740 1686 2775 est
1708 2738 1878 2784 autem,
1901 2726 2029 2774 Nune
2041 2735 2172 2791 prece
2206 2744 2314 2772 nune
2345 2726 2515 2789 pretio,
2547 2726 2665 2774 trita
2693 2727 2765 2774 lo-

1617 2792 1783 2856 quendi
1805 2792 2020 2839 formula.

1686 2856 1803 2904 Sorte
1841 2870 2058 2923 suprema,
2095 2867 2257 2903 morte.
2304 2855 2362 2902 Β.
2438 2854 2489 2901 Si
2529 2865 2673 2903 neree
2707 2858 2764 2904 sit

1613 2939 1719 2969 vera
1741 2921 1894 2982 lectio,
1912 2935 2110 2986 suprema
2149 2921 2284 2967 habet
2321 2920 2439 2966 hanc
2481 2920 2601 2975 vim,
2632 2938 2688 2969 ac
2726 2922 2765 2969 si

1615 2988 1802 3045 diceret,
1823 3003 1943 3034 nunc
1967 2998 2112 3034 morte
2137 2986 2345 3047 denique.
2381 2985 2443 3030 G.

1682 3064 1777 3111 174
1814 3054 1963 3108 Cedat,
1981 3063 2212 3104 transeat,
2243 3051 2386 3096 abeat.

1680 3116 1771 3177 176
1805 3117 2038 3165 Bentleius
2101 3118 2156 3163 de
2220 3130 2303 3162 suo
2350 3113 2506 3176 posuit
2555 3116 2764 3173 alternis,

1612 3183 1794 3230 frustra.
1828 3182 1884 3229 B.
1949 3181 2146 3229 Alternis
2176 3195 2246 3226 eas
2282 3179 2404 3226 vices
2441 3178 2762 3238 significauit

1617 3264 1733 3296 unus
1754 3248 1901 3294 tradat
1923 3245 2202 3308 alteri,quod
2221 3245 2372 3291 abillo
2388 3257 2663 3306 recepturus
2677 3258 2762 3302 est,

1615 3326 1670 3361 ut
1703 3328 1892 3372 regnum
1926 3311 2200 3358 Thebanum
2224 3310 2441 3357 debebant
2463 3309 2660 3356 alteruis
2680 3312 2765 3356 lu-

1616 3379 1721 3425 bere
1745 3375 1952 3424 Eteocles
1973 3382 2021 3423 et
2045 3375 2299 3441 Polynices».
2378 3374 2475 3421 Hic
2500 3377 2557 3420 de
2580 3390 2764 3423 succen-

1619 3444 1742 3490 sione
1767 3441 1914 3501 agitur
1935 3441 2215 3503 simpliciter,
2233 3452 2279 3487 et
2301 3438 2415 3486 illud
2431 3440 2617 3485 alterins
2653 3440 2765 3487 facit

1619 3520 1671 3556 ut
1692 3520 1786 3554 tres
1809 3507 1969 3567 gradus
1992 3505 2283 3553 successionis
2306 3506 2619 3564 designentur.
2656 3506 2768 3553 Hoc

1618 3572 1752 3622 etiam
1777 3571 1826 3619 in
1850 3571 1978 3619 undis
2000 3571 2063 3618 ita
2085 3584 2180 3618 est:
2218 3586 2321 3632 quae
2339 3570 2457 3616 unda
2472 3571 2649 3616 undam
2663 3583 2765 3618 tru-

1618 3638 1696 3695 sit,
1715 3653 1765 3683 ea
1790 3652 1882 3683 nou
1905 3637 1959 3682 ab
1982 3635 2086 3695 hac,
2106 3637 2181 3683 sed
2203 3652 2229 3681 a
2254 3635 2388 3683 tertia
2408 3637 2764 3697 superveniente

1619 3702 1878 3764 impellitur.
1906 3703 1968 3748 G.

1688 3778 1778 3825 177
1820 3767 1871 3813 V
1868 3769 1948 3819 ἱεὶς
2007 3765 2194 3812 Praedia.
2284 3764 2481 3811 Omina
2548 3765 2672 3811 vices
2726 3781 2771 3813 et

1615 3842 1753 3898 prata
1795 3841 2001 3878 contemne
2013 3853 2031 3885 ,-
2069 3832 2230 3877 Cicero
2268 3831 2325 3877 ad
2365 3830 2591 3877 Atticum.
2683 3831 2772 3878 Nil

1615 3913 1728 3956 opus
1750 3909 1817 3943 est
1833 3895 1919 3956 legi
1933 3900 2062 3943 vices.
2114 3896 2198 3942 Est
2220 3908 2373 3942 autem
2395 3898 2515 3941 vicus
2539 3911 2565 3940 a
2589 3896 2770 3942 Gra-eo

1618 3960 1757 4018 οἷιοςς
1791 3963 1865 4008 sed
1884 3960 2087 4023 pluribus
2116 3971 2162 4007 et
2186 3960 2419 4007 servilibus
2438 3959 2631 4007 familiis
2654 3976 2766 4009 con·

1621 4039 1735 4075 stat:
1772 4026 1905 4072 hodie
1927 4029 2161 4073 manerium
2184 4026 2390 4073 dicimus.

1684 4091 1894 4146 Herna,-
1930 4090 2123 4151 ingentia
2149 4092 2366 4149 granaria.

1685 4154 1778 4215 178
1813 4156 2026 4214 Saltibus,
2065 4156 2311 4219 latifundiis
2323 4154 2536 4221 porrectis
2553 4167 2640 4219 per
2656 4156 2772 4219 pla*-

1621 4225 1750 4271 rt'mos
1771 4235 1941 4268 nantes.
2020 4222 2105 4268 Est
2143 4236 2286 4268 auten
2335 4220 2562 4273 Calabria,
2595 4231 2775 4285 preter

1621 4299 1786 4336 ceteros
1823 4289 2000 4344 reditus,
2026 4288 2155 4333 etian
2177 4290 2242 4333 rei
2255 4287 2473 4350 pecuariae
2490 4298 2532 4331 ee
2555 4286 2776 4339 lanan-

1622 4355 1806 4402 nollium
1822 4354 1991 4416 ferax,
2008 4355 2106 4402 item
2129 4353 2344 4405 Lucana.
2375 4350 2484 4398 Vet-
2503 4349 2668 4400 Senot.
