3000 4979
457 312 591 375 286
1039 301 1555 370 PRAEFATlo
1609 300 1736 366 AD
1786 299 2236 387 SATYRAE.

454 482 815 572 Satyricam
842 482 1040 566 magis
1069 502 1250 565 quam
1285 479 1616 565 Satyram3
1662 498 1790 540 cum
1837 486 1897 540 et
1945 475 2125 540 Vetus
2152 475 2535 554 Scholiasta,
2581 478 2791 545 Judice

449 594 734 659 Henrico
755 592 1086 675 Stephano,
1113 613 1234 655 non
1266 592 1506 674 ineptus
1534 599 1750 652 auctor
1775 587 2173 665 Latinitatis,
2197 598 2256 652 et
2284 589 2586 677 Satyrum
2614 589 2791 675 Opus

448 715 510 770 et
545 704 845 791 Satyrum
882 701 1162 766 Carmen
1208 703 1397 765 dicat.
1486 701 1777 785 Denique
1804 703 1965 784 quod
1992 703 2218 764 attinet
2247 700 2335 762 ad
2372 699 2614 764 Titulos
2648 701 2792 765 Ser·

451 837 718 882 monum
763 823 825 877 et
871 811 1330 897 Epistularum,
1390 814 1599 876 eadem
1650 814 2061 877 eruditissima
2105 814 2351 877 Scholia
2401 835 2527 876 rem
2570 835 2791 876 omnem

439 927 664 1012 paucis
691 924 1015 991 absolvere.
1080 922 1393 999 Quamvis
1422 921 1549 987 hoc
1579 945 1741 1008 opus
1774 922 2104 1007 (inquiunt
2138 924 2252 986 illa
2254 923 2295 1009 )
2330 923 2631 1009 Satyrum
2662 946 2791 987 esse

453 1035 772 1103 Horatius
815 1033 954 1120 ipse
995 1030 1375 1118 profiteatur
1419 1055 1567 1098 cum
1614 1033 1741 1098 ait:
1786 1035 1941 1099 Sunt
1976 1034 2189 1119 quibus
2218 1036 2283 1097 in
2313 1036 2545 1119 Satyra
2579 1037 2792 1099 videar

449 1149 634 1212 nimis
675 1167 837 1222 acer,
883 1153 943 1207 et
984 1144 1151 1207 ultra
1183 1142 1407 1226 Legem
1450 1145 1698 1208 tendere
1733 1165 1884 1226 opus
1900 1179 1924 1217 ‚·
1974 1156 2185 1209 tamen
2231 1146 2530 1230 proprios
2574 1148 2789 1211 titulos

450 1257 654 1324 voluit
697 1255 789 1320 eis
835 1250 1327 1330 accommodari,
1378 1252 1635 1318 Primos
1668 1254 1904 1319 Libros
1940 1256 2344 1332 Sermonum,
2399 1255 2788 1320 Posteriores

451 1365 890 1455 Epistolarum
920 1363 1222 1429 scribens·
1318 1362 1551 1440 Quibus
1580 1374 1764 1448 patet
1793 1374 1852 1428 et
1881 1367 2200 1448 Epistolas
2229 1366 2372 1428 olim
2394 1386 2520 1448 pro
2549 1366 2790 1451 Satyris

425 1480 636 1567 fuisse
679 1474 944 1539 habitas.
1033 1474 1344 1539 Sermones
1383 1484 1585 1539 autem
1630 1476 1971 1540 nominavit
2014 1475 2088 1538 ob
2129 1476 2522 1539 remissiorem
2573 1479 2785 1561 stylum

451 1598 512 1651 et
541 1608 706 1672 pene
737 1586 1034 1650 Comicum
1080 1594 1265 1672 atque
1297 1586 1550 1650 Civilem
1571 1612 1591 1647 .-
1639 1594 1821 1669 atque
1859 1586 1969 1648 hoc
2010 1596 2079 1649 ut
2121 1586 2356 1650 obviam
2401 1588 2521 1648 iret
2559 1586 2785 1651 obtrec-

453 1697 755 1763 tatoribus
785 1705 846 1760 et
874 1696 1162 1780 malignis
1180 1729 1203 1768 ‚·
1252 1705 1312 1759 et
1353 1705 1421 1759 ut
1451 1717 1528 1758 ne
1555 1696 1863 1760 videretur
1889 1718 1953 1760 se
1973 1718 2187 1781 gerere
2202 1717 2329 1780 pro
2361 1695 2583 1760 Poeta.

1395 1915 1799 1948 *aa

517 2085 840 2136 Advertendus
871 2095 939 2132 est
959 2085 1152 2142 Lector,
1181 2100 1264 2133 nos
1288 2084 1615 2150 Porphyrionis
1649 2087 1886 2135 admonitu
1904 2089 2140 2146 adductos,
2159 2090 2252 2138 duo
2272 2099 2439 2151 puncta
2472 2089 2779 2149 dignoscendis

450 2173 660 2224 Peruenit
692 2172 741 2219 in
771 2172 945 2236 Satyris
977 2189 1002 2219 a
1024 2172 1274 2220 Veteribus
1303 2173 1520 2231 adhibita,
1551 2175 1880 2222 Recentiorum
1906 2191 2016 2223 veto
2048 2176 2316 2237 negligentia
2348 2176 2569 2225 hactenus
2597 2178 2776 2233 omissa,

448 2263 634 2313 tandem
668 2260 716 2307 in
747 2261 897 2308 sedem
930 2275 1054 2308 suam
1088 2262 1364 2324 reposuisseg
1397 2264 1507 2326 quin
1540 2274 1587 2310 et
1609 2263 1882 2323 Eclogarum
1906 2264 2148 2311 Lemmata
2178 2264 2345 2313 tamin
2367 2266 2539 2328 Satyris
2559 2281 2692 2329 quam
2726 2265 2773 2313 in

450 2352 585 2409 odio,
615 2366 707 2413 quo
728 2348 889 2396 melius
909 2349 1120 2398 instituto
1142 2362 1297 2398 nostro
1318 2350 1632 2410 convenirent,
1669 2368 1784 2399 nova
1804 2352 1961 2400 fecisse
1983 2353 2154 2401 omnia.
2177 2368 2340 2403 nnrr.
2379 2356 2474 2402 Pro
2495 2355 2583 2402 iuis
2603 2355 2773 2403 duobus

447 2438 630 2506 punctis
650 2452 734 2487 nos
753 2436 842 2487 hoc
861 2436 1037 2500 siguum
1060 2438 1096 2501 1
1118 2437 1462 2502 pra-posuimus,
1492 2438 1671 2503 quoties
1688 2455 1880 2503 persona
1900 2450 2117 2489 mutatur.
