3000 4979
759 317 1459 389 EPISTOLARUM
1503 319 1667 390 Lm.
1726 320 1780 387 1.
1837 332 1938 388 10.

2408 333 2546 404 479

448 499 728 566 Mutatae
758 497 1083 585 quatient:
1130 497 1183 562 si
1215 498 1373 585 quid
1407 498 1746 577 mirabere,
1780 521 1982 586 pones

447 611 739 675 Invitus:
785 609 939 696 fuge
969 631 1237 696 magna:
1286 610 1438 674 licet
1465 611 1587 674 sub
1616 632 1902 696 paupere
1932 624 2106 677 tecto

452 721 666 809 Reges
695 732 763 785 et
792 739 1013 806 regum
1046 718 1179 782 vita
1205 740 1608 803 praecurrere
1635 721 1902 804 amicos.

452 830 695 895 Cervus
726 850 962 915 equum
992 849 1215 916 pugna
1247 828 1475 893 melior
1507 831 1956 894 communibus
1988 830 2206 898 herbis

278 949 362 1008 35
456 938 768 1016 Pellebat,
803 937 1010 1002 donec
1040 938 1253 1001 minor
1281 937 1350 1001 in
1379 938 1729 1003 certamine
1761 939 1959 1028 longo

441 1049 825 1135 Imploravit
855 1069 1011 1132 opes
1041 1046 1342 1124 hominiS,
1372 1045 1775 1135 fraenumque
1805 1051 2046 1137 recepit
2071 1076 2089 1116 ε

451 1161 577 1228 Sed
614 1172 965 1246 postquam
988 1160 1193 1224 victor
1223 1158 1470 1225 violens
1504 1159 1793 1227 discessit
1825 1162 1907 1227 ab
1941 1163 2147 1243 hoste,

457 1271 612 1336 Non
643 1271 923 1357 equitem
957 1270 1174 1347 dorso,
1210 1293 1340 1334 non
1371 1270 1643 1335 fraenum
1675 1271 1925 1358 depulit
1954 1297 2087 1340 ore.

455 1381 563 1447 Sic
594 1382 705 1469 qui
735 1381 1108 1466 pauperiem
1140 1381 1398 1461 verituS,
1432 1382 1684 1468 potiore
1713 1382 1986 1448 metallis

454 1489 784 1557 Libertate
817 1503 1013 1570 caret,
1048 1491 1381 1557 dominum
1412 1493 1602 1558 vehet
1630 1493 1983 1579 improbae,
2016 1505 2215 1582 atque

455 1601 701 1666 Serviet
729 1612 1066 1679 oeternum,
1099 1602 1252 1687 quia
1281 1623 1481 1686 parvo
1509 1604 1748 1668 nesciet
1776 1604 1892 1667 uti.

453 1710 578 1776 Cui
609 1734 740 1776 non
774 1712 1111 1777 conveniet
1140 1735 1255 1777 sua
1286 1736 1409 1791 reS,
1443 1726 1516 1779 ut
1544 1714 1795 1779 calceus
1825 1713 2003 1791 olim,

452 1821 522 1887 Si
552 1821 717 1908 pede
745 1823 959 1907 major
988 1821 1131 1901 erit,
1167 1822 1527 1898 subvertet3
1574 1823 1625 1886 si
1658 1823 1890 1902 minor,
1923 1834 2083 1888 uret.

450 1929 673 1997 Laetus
705 1944 876 2000 sorte
906 1945 1017 1999 tua
1047 1934 1214 1998 vives
1244 1933 1580 2019 sapienter,
1617 1934 1859 2010 Aristi3
2125 1909 2135 1919 ’

274 2045 359 2102 45
453 2038 596 2106 Nec
626 2063 728 2106 me
757 2043 1043 2109 dimittes
1073 2044 1542 2132 incastigatum,
1576 2044 1686 2110 ubi
1718 2044 1907 2131 plura

452 2151 704 2242 Cogere
734 2177 928 2242 quam
961 2156 1112 2220 satis
1142 2168 1255 2234 est,
1291 2178 1366 2221 ac
1396 2177 1526 2220 non
1560 2178 1808 2222 cessare
1837 2154 2125 2221 videbor.

448 2261 732 2350 Imperat
762 2278 874 2331 aut
906 2265 1099 2332 servit
1128 2265 1397 2331 collecta
1425 2266 1703 2352 pecunia
1730 2265 1979 2353 cuique,

173 2480 238 2531 37
274 2468 398 2520 victo
417 2473 546 2521 etiam
565 2471 659 2521 coll.
681 2469 789 2521 Sax.
868 2472 1017 2588 ”³22²
1031 2474 1153 2524 vieto
1178 2473 1287 2524 Can.

899 2557 922 2588 c

244 2700 304 2749 31
342 2688 551 2738 Mutata
570 2693 781 2757 quatient,
814 2690 1007 2753 eleganti
1031 2691 1317 2742 Charientis-

174 2754 1074 2886 2⁰3.¹2232’³{0.¹3}⁰2²31.“·?⁶²⁰{¹‘²¹3²⁰‘·
1106 2759 1162 2807 Β
1238 2760 1315 2807 ”²

245 2896 306 2945 33
342 2885 494 2949 Reges,
509 2898 717 2948 potentes
736 2888 967 2951 patronos,
999 2899 1136 2952 atque
1174 2888 1315 2938 etiam

173 2948 297 3013 ipsos
318 2963 442 3009 reges
462 2952 673 3013 Dilogus.

247 3015 389 3069 mm
426 3017 581 3080 supple
601 3018 747 3066 beata.

204 3141 217 3153 ·
243 3091 308 3139 34
342 3080 506 3128 Cervus
526 3100 674 3146 equum
683 3105 702 3140 ,-
752 3082 870 3131 hanc
905 3082 1122 3131 Fabulam
1157 3098 1309 3131 narra·

169 3153 245 3191 Vnt
291 3144 400 3192 olim
448 3147 730 3196 Stesichorus
774 3148 1155 3205 Himetiensibus,
1201 3164 1306 3198 cum

170 3207 405 3257 Phalaridi
428 3211 652 3260 Satellites
671 3225 896 3277 pararent,
917 3226 969 3261 ut
1000 3227 1056 3260 ex
1081 3213 1310 3261 Aristote-

167 3272 229 3321 lis
263 3273 525 3325 Rhetoricis
555 3278 754 3326 ostendit
783 3277 854 3325 vir
884 3280 1043 3326 doctus
1076 3278 1307 3343 johannes

166 3338 484 3452 ἒὶῖἱτιιιιςιιι,
540 3342 872 3407 Philosophum
902 3344 1053 3407 ipsum
1087 3344 1158 3391 adi
1180 3355 1226 3391 et
1248 3344 1312 3391 ri-

201 3420 228 3452 e
276 3420 312 3452 s.

237 3471 432 3530 Melior,
445 3473 667 3537 superior,
688 3471 914 3540 nenive-m.

166 3548 173 3553 '
238 3546 267 3596 3
269 3549 299 3594 5
338 3538 521 3597 Minor,
538 3538 742 3596 inferior,
760 3537 922 3591 ἥττων.

233 3598 302 3661 36
340 3602 449 3664 Opes
470 3605 608 3654 modo
630 3604 781 3667 posuit
802 3619 884 3667 pro
903 3612 1034 3667 open.

163 3682 171 3690 ¹
236 3677 300 3727 37
339 3668 553 3724 Videas,-
588 3669 734 3725 ferox,
755 3669 990 3716 insultans.
1054 3669 1309 3717 Provt‘ceor

164 3733 336 3779 violens
376 3733 613 3782 Bentleius
647 3734 757 3794 legit
791 3736 952 3782 violens
991 3737 1106 3782 victo
1142 3734 1197 3781 de
1223 3750 1307 3783 suo

160 3796 375 3845 arbitrio.
457 3799 622 3864 Neque
645 3799 824 3847 videtur
845 3799 1089 3847 advertisse
1108 3798 1307 3861 disjunc-

164 3862 255 3909 tim
279 3862 371 3909 dici
396 3866 536 3911 victor
555 3876 604 3913 et
623 3866 819 3912 violeus.-
853 3879 1000 3927 neque
1037 3863 1160 3911 enim
1196 3864 1308 3913 dicit

161 3928 341 3975 violens
364 3931 514 3976 viem
531 3947 549 3977 .·
583 3930 661 3977 sed
682 3931 846 3978 violens
867 3931 1070 3986 discessit,
1098 3930 1220 3991 quod
1241 3942 1308 3977 est

159 3992 400 4051 ferociter,
446 3995 704 4057 superbiens
749 3996 921 4043 scilicet
952 3994 1013 4040 ob
1044 4007 1305 4056 superatum

162 4057 365 4105 bostem.
433 4058 490 4123 [†
517 4061 692 4108 Vu‘olens
714 4072 784 4108 est
815 4060 1048 4122 superbus,
1076 4072 1124 4108 et
1143 4060 1308 4108 dicitur

154 4124 452 4185 conjunctim
473 4127 634 4173 violens
656 4127 810 4173 victor.
874 4122 1094 4185 ErnestL]

231 4200 298 4249 39
336 4190 543 4237 Metalla
561 4190 672 4238 dicit
689 4206 848 4240 aureos
863 4201 910 4237 et
926 4200 1159 4251 argenteos
1174 4204 1311 4238 num·

154 4266 267 4300 mos
288 4266 370 4315 per
389 4267 690 4303 contemtum.

229 4329 301 4375 40
338 4320 490 4378 Caret,
508 4320 585 4384 qui
609 4336 655 4368 se
675 4321 836 4383 privat.

226 4383 468 4434 Bentleius
487 4388 614 4436 velu‘e
639 4402 721 4453 pro
745 4389 897 4448 vehet,
933 4400 1091 4435 verum
1125 4395 1316 4435 tantun-

1478 2487 1547 2533 40
1576 2472 1701 2525 vehit
1721 2493 1798 2523 sen
1818 2475 1938 2523 edite.
1956 2472 2084 2539 apud
2106 2472 2222 2523 Can·
2234 2484 2278 2521 et
2299 2471 2446 2522 Bentl.
2475 2492 2521 2523 e·

1138 2554 1200 2599 41
1237 2540 1407 2589 nesciat
1427 2541 1585 2589 Lanb.
1603 2557 1662 2589 ex
1680 2543 1793 2589 codd.

1380 2694 1483 2741 dem
1528 2694 1695 2743 fuerit:
1748 2692 2042 2742 Dissentiunt
2079 2687 2368 2755 Exemplar-ia
2387 2691 2512 2757 quod

1380 2759 1578 2806 Librarii
1600 2774 1759 2820 pamm
1786 2759 1951 2807 referre
1973 2758 2224 2805 crederent.

1444 2824 1578 2872 Mire
1601 2823 1829 2887 inprobus,
1855 2836 1939 2890 pro
1976 2841 2020 2870 eo
2086 2824 2168 2870 ned
2197 2829 2261 2869 ed
2279 2838 2445 2869 avane
2466 2833 2512 2869 er

1380 2889 1576 2954 cupidus,
1620 2898 1671 2936 ut
1687 2910 1703 2942 ‚-
1742 2889 1864 2955 Quos
1912 2841 2105 2952 32·me
2135 2888 2304 2934 «νων-ὑ
2345 2887 2516 2949 Exegit

1369 2971 1489 3001 caecos
1513 2954 1669 3002 rabies.
1698 2954 1812 3002 Vet.
1833 2953 1985 3001 Schol.
2008 2953 2152 3014 Cruq.
2215 2952 2395 2999 Verum
2415 2950 2508 2998 Di-

1370 3019 1502 3079 logaee
1522 3035 1630 3067 usus
1650 3029 1717 3066 est
1738 3030 1786 3065 et
1805 3033 1888 3080 pro
1909 3017 2006 3074 vili,
2037 3028 2085 3064 et
2104 3031 2188 3080 pro
2208 3016 2502 3079 importunos

1372 3085 1482 3147 quin
1506 3096 1553 3132 et
1577 3084 1676 3132 irati
1700 3083 1946 3149 Inprobum
1967 3082 2158 3131 dicimus
2171 3096 2258 3143 pro
2278 3080 2484 3129 scelesto.

1436 3161 1498 3206 αι
1537 3151 1805 3197 AEternun:
1839 3160 1886 3197 et
1905 3163 1988 3211 per
2003 3145 2092 3195 boc
2112 3144 2456 3194 immiserabilis.

1438 3214 1644 3263 Plurium
1686 3214 1908 3261 Codicum
1949 3211 2170 3275 scriptura
2200 3221 2269 3258 est
2298 3213 2404 3275 quia
2436 3227 2513 3259 ne-

1370 3284 1489 3336 sciet,
1508 3277 1714 3326 nonnulli
1731 3289 1885 3326 tamen
1908 3276 2085 3324 malunt
2105 3280 2182 3340 qui
2193 3278 2373 3334 undat,

1375 3344 1530 3393 minus
1570 3344 1799 3406 probabile
1836 3341 2031 3390 videtur.
2061 3341 2116 3389 Β.
2178 3341 2358 3395 Nesciit
2392 3340 2511 3390 mihi

1373 3409 1515 3468 magis
1535 3409 1746 3472 placeret.
1775 3409 1844 3455 G.

1443 3476 1525 3523 Uti
1538 3495 1558 3529 ,-
1592 3484 1834 3522 contentus
1853 3472 1960 3521 frui.
1991 3472 2048 3520 Β.

1436 3552 1505 3598 4²
1538 3539 1640 3588 Non
1675 3542 1890 3588 conveniet
1921 3556 2003 3586 sna
2041 3556 2127 3595 res,
2160 3535 2199 3586 si
2235 3537 2295 3585 ob
2315 3549 2413 3583 rem
2432 3545 2510 3584 te-

1371 3620 1508 3653 nuem
1530 3615 1579 3653 et
1599 3617 1850 3666 angustam,
1879 3619 1983 3666 quae
2016 3603 2218 3659 videtur,
2247 3600 2403 3659 doletg
2442 3602 2507 3648 ob

1369 3669 1567 3732 amplam
1589 3685 1696 3718 vero
1716 3669 1937 3731 superbit,
1969 3667 2100 3716 luxui
2118 3678 2167 3715 et
2187 3666 2507 3729 cupiditatium

1369 3734 1590 3795 indulget.
1624 3737 1688 3782 Z.

1438 3800 1555 3847 013-
1567 3821 1585 3855 ς
1621 3801 1686 3850 ita
1714 3799 1812 3846 fere
1844 3796 1984 3846 ordiri
2014 3795 2164 3846 solent
2198 3795 2280 3863 qui
2315 3795 2510 3845 Fabulae

1370 3876 1572 3913 narrant.

1436 3942 1499 3990 43
1540 3929 1671 3986 Uret,
1687 3926 1868 3976 vexabit
1887 3927 2149 3991 premendo.

1434 4009 1502 4052 44
1539 3994 1697 4051 Vives,
1731 3995 1955 4042 Futurum
1987 4007 2074 4057 pro
2105 3990 2396 4056 Imperativo,
2415 3991 2512 4040 ele-

1370 4060 1493 4122 gnati
1518 4059 1746 4120 Enallage.
1778 4060 1831 4105 B.

1438 4124 1505 4183 46
1541 4124 1716 4189 Cogere,
1761 4139 1857 4171 rem
1905 4137 2123 4186 quaerere,
2152 4120 2331 4170 divitias
2361 4136 2518 4171 corta·

1373 4191 1493 4238 dere.
1563 4190 1756 4247 Cessare,
1804 4188 1871 4236 rei
1925 4187 2181 4251 querende
2230 4187 2419 4235 modum
2463 4199 2513 4234 et

1372 4256 1510 4303 finem
1533 4254 1695 4302 facere.
1763 4255 1995 4302 Ceterum
2019 4253 2191 4301 urbane
2208 4262 2255 4299 et
2270 4254 2516 4312 prudenter

1373 4322 1429 4367 de
1469 4335 1566 4367 sese
1594 4319 1801 4382 loquitur
1832 4319 1878 4366 id
1916 4319 2039 4382 quod
2061 4318 2118 4366 ad
2140 4316 2371 4366 Aristium
2407 4331 2516 4382 per-

1378 4386 1570 4435 tinebat.
1602 4386 1666 4432 Z.

1446 4460 1511 4512 47
1546 4449 1654 4501 Hoc
1675 4461 1763 4510 est,
1783 4449 1820 4500 si
1843 4465 1934 4499 non
1957 4449 2114 4511 servit,
2130 4449 2343 4515 imperat.
