3000 4979
873 319 1008 404 DE
1063 323 1322 397 ARTE
1377 329 1816 399 POETIGA.
2383 343 2513 406 557

437 507 703 576 Caecilio
739 506 1098 597 Plautoque
1130 510 1310 574 dabit
1345 510 1704 587 Romanus,
1751 506 2079 572 ademtam
2130 501 2133 504 ’

269 629 360 685 55
454 618 734 707 Virgilio
764 619 1139 707 Varioque?
1183 643 1306 710 ego
1329 642 1465 696 cur,
1516 620 1844 707 acquirere
1874 639 2080 703 pauca

453 731 523 795 Si
554 751 835 815 possum,
881 729 1192 809 invideor‚
1239 752 1383 795 cum
1414 730 1635 818 lingua
1665 729 1932 793 Catonis
1963 741 2029 793 et
2062 726 2235 792 Enni

457 840 836 904 Sermonem
863 840 1145 924 patrium
1176 839 1494 918 ditaverit,
1541 852 1606 905 et
1636 861 1803 903 nova
1831 859 2049 903 rerum

454 949 741 1013 Nomina
761 948 1149 1033 protulerit?
1194 949 1429 1025 Licuit,
1479 969 1858 1035 semperque
1886 947 2122 1026 licebit,

459 1060 800 1146 Signatum
831 1071 1146 1143 praesente
1174 1072 1324 1122 nota
1355 1058 1713 1143 producere
1743 1079 2000 1122 nomen.

281 1172 370 1235 60
463 1171 555 1234 Ut
585 1168 764 1232 silvae
793 1167 962 1232 soliis
992 1190 1230 1253 pronos
1262 1180 1594 1233 mutantur
1622 1169 1690 1232 in
1722 1190 1955 1243 annos3

456 1282 679 1345 Prima
707 1281 979 1357 cadunt3
1027 1282 1118 1345 ita
1145 1281 1486 1345 verborum
1515 1291 1695 1344 vetus
1725 1278 1948 1343 interit
1970 1292 2145 1354 aetas‚

454 1391 542 1455 Et
560 1393 871 1477 juvenum
904 1392 1031 1454 ritu
1061 1391 1297 1454 florent
1327 1390 1523 1453 modo
1552 1400 1706 1454 nata
1732 1389 2093 1477 vigentque.

456 1500 789 1565 Debemur
819 1501 1011 1565 morti
1042 1522 1157 1565 nos
1187 1514 1530 1584 nostraque
1546 1523 1566 1576 ;
1614 1499 1745 1564 sive
1774 1510 2063 1583 receptus

457 1609 666 1675 Terra
696 1611 1039 1695 Neptunus
1070 1610 1298 1674 classes
1329 1607 1739 1695 aquilonibus
1768 1620 1963 1684 arcet,

275 1728 356 1784 65
453 1719 649 1808 Regis
679 1744 874 1806 opus3
922 1721 1281 1807 sterilisque
1308 1719 1423 1784 diu
1451 1719 1657 1805 palus,
1703 1733 1980 1807 aptaque
2009 1717 2229 1795 remiS,

183 1922 253 1974 56
287 1926 448 1988 possim
475 1927 591 1975 MS.
612 1930 728 1977 Aeb-
750 1927 865 1979 Stat.
966 1927 1029 1992 58
1063 1927 1309 1992 prodiderit
1328 1931 1438 2004 conj.
1462 1928 1571 1975 Can.
1673 1939 1737 1990 59
1763 1928 2009 1990 procudere
2031 1945 2089 1975 ex
2107 1926 2257 1976 MSS.
2278 1943 2516 1978 nummum

256 2010 279 2036 e
297 1996 400 2056 coty’.
419 1993 568 2042 Bentl.
590 1994 699 2041 (ἔνη.
721 1992 822 2042 San.
968 1993 1031 2041 60
1063 1994 1186 2041 silvis
1204 1993 1315 2041 folia
1339 2009 1487 2057 privos
1511 1994 1660 2041 Bentl.
1679 1996 1755 2056 qui
1775 1996 2073 2059 etiachonjs’c.
2096 1994 2214 2040 nuda
2223 2005 2327 2040 ntur
2346 1995 2424 2041 vel
2447 1995 2518 2040 vi-

255 2059 465 2104 duantur.
530 2059 665 2107 Silva
697 2072 749 2107 ut
781 2075 887 2107 cum
917 2059 1040 2108 foliis
1072 2063 1178 2123 κου’.
1218 2060 1325 2106 Cun.
1356 2074 1499 2121 prono
1538 2058 1585 2105 in
1617 2073 1738 2104 anno
1776 2058 1837 2106 V.
1870 2060 1935 2104 D.
2001 2058 2063 2118 63
2096 2059 2332 2106 Debemus
2366 2059 2515 2106 MSS.

254 2122 448 2169 Priscia.
470 2125 594 2187 apud
610 2126 724 2172 Ach.
761 2123 876 2171 Stat.
963 2124 1022 2184 65
1059 2137 1165 2171 ster.
1185 2123 1312 2186 palus
1333 2135 1569 2186 aptataque
1592 2124 1756 2170 Marc.
1773 2142 1829 2170 ex
1849 2124 2005 2172 MSS.
2022 2132 2064 2170 ee
2085 2125 2229 2172 Prisc.
2246 2123 2377 2187 palus
2398 2125 2521 2186 prius

252 2187 402 2234 Bentl.
420 2190 633 2237 sterilisve
656 2189 783 2250 palus
817 2190 988 2237 dudum
1019 2201 1203 2251 actaque
1236 2190 1391 2248 remis,
1422 2191 1496 2236 vel
1530 2187 1793 2251 pulsataque
1818 2188 1969 2248 remis,
1999 2189 2079 2236 vel
2095 2188 2349 2251 agitataque
2378 2190 2518 2238 remis

253 2256 367 2317 conj.
398 2252 508 2300 Can.
532 2255 592 2301 V.
615 2254 680 2303 Ν.
702 2254 918 2304 sterilisve
940 2268 1057 2303 vete.
1076 2255 1169 2302 edd.
1192 2255 1337 2303 Benel.

183 2441 232 2477 et
273 2430 444 2479 Plauto
475 2433 606 2479 verba
638 2434 926 2495 confingere:
954 2449 1036 2481 cur
1073 2449 1163 2481 non
1201 2433 1322 2482 idem
1382 2434 1515 2482 nivis.
1544 2434 1656 2481 Vct.
1695 2431 1845 2480 Schol.
1907 2431 2105 2479 Ius-sisso
2133 2432 2260 2497 prius
2293 2432 2342 2480 ἔνι
2375 2435 2517 2484 laeuus

177 2495 475 2559 permittatur
495 2499 694 2559 Virgilio
709 2497 1046 2564 l—Nannius]
1386 2501 1534 2557 Μνὶς
1587 2500 1805 2545 Pontinas
1843 2507 1982 2546 ansteus
2017 2498 2204 2546 Paludes
2237 2500 2298 2546 ad
2324 2503 2519 2564 quadra-

246 2574 318 2620 54
351 2563 563 2610 Ronanus
578 2584 597 2618 ,-
631 2579 732 2611 acer
763 2563 981 2612 libertatis
1003 2576 1207 2611 assertor.
1413 2567 1584 2611 esium
1648 2563 1900 2611 milliaria
1955 2564 2107 2609 emisit.
2170 2561 2305 2610 Alter
2369 2565 2520 2614 Schol.

247 2626 504 2687 Ademtum,
549 2640 779 2689 negatum.
811 2630 862 2676 B.
925 2629 1000 2675 De
1045 2644 1094 2675 rc
1129 2629 1222 2692 ipsa
1264 2628 1325 2677 cf.
1443 2645 1508 2676 aec
1543 2641 1695 2677 autem
1726 2627 1884 2675 inserit
1919 2638 1972 2674 ut
2002 2627 2275 2686 gratificetur
2306 2631 2518 2690 Augusto

176 2690 334 2752 Epist.
358 2705 406 2739 2.
428 2705 479 2742 2.
505 2705 615 2756 119.
647 2695 709 2741 G.
1385 2693 1497 2758 [vid.
1520 2695 1574 2741 ad
1597 2709 1640 2738 v.
1660 2690 1776 2757 65.].
1830 2692 2060 2756 Neptunus
2086 2704 2239 2739 autem
2266 2694 2517 2744 Tritonum

246 2767 317 2816 59
357 2757 605 2816 Producere,
641 2758 691 2805 in
714 2759 911 2806 medium
934 2758 1136 2822 proferre
1159 2770 1244 2816 est,
1275 2768 1323 2806 et
1386 2771 1516 2822 pater
1557 2758 1737 2815 dicitur,
1769 2758 1894 2820 quasi
1938 2757 2211 2821 Nepodunus,
2251 2759 2355 2819 quia
2396 2772 2519 2808 caret

181 2820 360 2883 populo
379 2822 577 2870 tradere:
618 2824 782 2871 Inutile
800 2825 920 2871 foret
935 2828 1173 2888 procudere,
1202 2824 1324 2885 quod
1443 2824 1596 2870 dibus:
1633 2823 1700 2871 uti
1725 2834 1771 2869 et
1799 2824 1959 2869 Graece
1984 2818 2233 2881 nmsziuo,
2257 2825 2382 2885 quasi
2403 2825 2523 2873 noel

179 2886 322 2932 video
345 2887 498 2934 multis
519 2888 709 2951 placere,
740 2902 895 2936 contra
926 2891 1060 2936 fidem
1084 2902 1155 2936 tot
1177 2888 1320 2935 Codi-
1383 2839 1512 2941 {iemz
1546 2888 1667 2950 quod
1701 2887 1840 2934 miror
1867 2887 2039 2934 nemini
2071 2887 2372 2935 observatum.
2437 2889 2521 2937 Ni-

179 2965 323 2998 curn:
359 2952 683 3000 Procuduntnr
720 2953 874 3014 gladii,
916 2955 1144 3001 cuduntur
1188 2969 1321 3000 num·
1383 2952 1507 3006 «032.-
1530 2952 1704 3000 Graecis
1728 2952 1948 2999 usitatum
1968 2952 2178 2999 omnium
2200 2953 2391 3015 piscium
2409 2954 2522 3019 Epi-

175 3016 264 3062 mi.
334 3016 444 3063 Vid.
473 3018 617 3080 Epist.
650 3030 695 3068 2.
729 3030 776 3068 2.
808 3030 916 3079 119.
981 3019 1230 3077 Bentleius‚
1251 3018 1322 3063 in·
1385 3019 1560 3066 theton.

173 3081 325 3128 ducto
350 3082 584 3144 producere
612 3101 774 3140 nomen,
805 3085 930 3146 (quae
948 3084 1113 3131 Lectio
1133 3096 1200 3131 est
1221 3082 1323 3143 plu·
1449 3084 1500 3147 [1-
1525 3082 1626 3130 Sive
1646 3091 1833 3145 receptus
1856 3093 1976 3156 retra
1992 3082 2362 3146 Neptuniae—De
2384 3097 2520 3147 portu
2612 3108 2615 3111 1

177 3146 410 3192 rimorum
455 3147 701 3212 Codicum)
746 3149 926 3196 obtorto
967 3148 1087 3205 loco,
1137 3148 1325 3194 inseruit
1386 3149 1499 3260 llum
1517 3164 1607 3195 non
1623 3158 1771 3210 potest
1785 3147 1923 3209 accipi
1947 3146 2131 3194 Horatii
2152 3146 2307 3205 locus;
2338 3165 2443 3197 nam
2464 3153 2519 3198 ad

169 3213 413 3275 procudere
457 3230 685 3268 nummum,
746 3214 853 3260 satis
902 3214 1012 3260 dura
1057 3225 1104 3260 et
1147 3213 1324 3260 inficeta
1422 3230 1510 3261 unc
1532 3228 1713 3260 sensum
1737 3212 1880 3258 multa
1901 3226 2058 3272 parum
2091 3223 2193 3272 apte
2222 3212 2341 3260 dicta
2372 3228 2521 3265 essent

182 3275 444 3334 Anegoria.
474 3277 529 3325 B.
594 3279 682 3325 Sed
717 3277 832 3325 hanc
875 3277 1198 3340 Metaphoram
1231 3292 1325 3324 esse
1390 3294 1416 3325 a
1449 3290 1599 3341 poeta,
1627 3276 1849 3339 imprimis
1875 3276 2003 3332 illud,
2039 3278 2160 3337 quod
2189 3277 2416 3340 aquilones
2438 3296 2522 3344 pro

170 3339 376 3403 optimis
396 3342 641 3402 probatam,
674 3354 722 3389 et
735 3346 962 3408 procudere
984 3343 1028 3388 in
1054 3342 1202 3389 MSS.
1218 3358 1330 3399 esse,
1389 3342 1548 3405 quovis
1568 3354 1707 3390 vento
1719 3340 1961 3404 accipiendi
1980 3353 2143 3389 essent.
2184 3342 2314 3390 Mihi
2336 3357 2521 3406 portum

170 3404 399 3469 probavit
413 3406 655 3455 Bentleius.
687 3408 909 3470 Equidem
928 3407 1084 3455 malim
1105 3408 1168 3455 sic
1184 3406 1323 3470 scrip·
1388 3407 1745 3455 Alexandrinum
1769 3406 2010 3468 respexisse
2033 3405 2225 3456 videtur.
2291 3409 2445 3473 Heyne
2465 3412 2522 3458 ad

168 3473 311 3526 sisse,
327 3485 461 3532 quam
484 3473 656 3521 duobus
674 3473 881 3536 deinceps
894 3473 1094 3520 versibus
1111 3473 1327 3535 posuisse,
1387 3475 1517 3534 Virg.
1546 3475 1714 3531 Georg.
1734 3484 1780 3521 2.
1810 3469 1941 3536 164.]

170 3538 380 3584 Nomina
396 3540 648 3599 protulerit,
675 3551 740 3595 et,
767 3540 1007 3585 Prodat-ere
1026 3556 1182 3585 nomen.
1216 3539 1278 3584 G.
1448 3536 1514 3595 64
1551 3539 1716 3585 Classes
1757 3535 2024 3601 aquilonibus
2061 3550 2182 3586 arcet
2187 3558 2207 3594 ,⁰
2251 3537 2524 3606 Ifypallage·

242 3600 317 3649 60
353 3601 415 3649 Ue
444 3604 604 3655 sitvae.·
643 3603 945 3650 Homericum
983 3615 1078 3650 est:
1113 3602 1195 3654 Οἴη
1230 3602 1288 3665 ’γ’
1383 3604 1496 3651 Vct.
1518 3602 1668 3651 Schol.

165 3665 370 3729 ’φύλλων
393 3668 515 3727 γενεὴ
533 3664 668 3718 τοιῆἲι
685 3669 771 3715 καὶ
789 3667 944 3732 dolebit
997 3667 1074 3732 [ll.
1097 3670 1160 3715 Z.
1184 3622 1331 3730 1465.
1457 3666 1517 3727 65
1553 3670 1684 3732 Regis
1703 3677 1803 3730 opus
1819 3686 1837 3715 .·
1876 3668 2112 3726 Augustus
2150 3669 2402 3729 Imperator
2425 3684 2523 3721 erat

172 3732 319 3779 Mira
336 3732 527 3793 quadam
546 3733 708 3781 fiducia
730 3733 970 3796 inutilique
993 3749 1124 3795 opera
1142 3748 1329 3793 magnus
1393 3732 1442 3781 in
1480 3732 1760 3794 Republica;
1792 3742 1839 3778 et
1875 3739 1957 3777 rt·
2016 3731 2188 3790 μικκὸς
2222 3733 2402 3784 dicitur.
2466 3738 2524 3787 B.

172 3796 422 3845 Bentleius
454 3798 508 3843 de
536 3814 618 3845 suo
651 3799 829 3858 ingenio
858 3799 1075 3860 reposuit,
1110 3800 1170 3846 Ue
1202 3800 1330 3845 ss'lvs's
1395 3798 1482 3845 Sed
1515 3799 1613 3845 haec
1646 3799 1738 3858 ipsa
1769 3807 1921 3843 tamen
2041 3798 2072 3842 's
2098 3797 2353 3859 appellatio,
2371 3812 2526 3850 tanto·

150 3864 294 3928 folia
313 3865 464 3924 privos
486 3873 707 3909 mutantur
728 3866 773 3908 s'n
795 3881 938 3909 annos.
973 3864 1025 3909 B.
1083 3861 1218 3909 Silvae
1237 3881 1334 3909 nsu-
1396 3879 1500 3926 pere
1522 3864 1734 3909 detestata
1758 3863 1990 3920 Augusto,
2018 3861 2192 3919 suadet,
2224 3879 2279 3909 ne
2309 3866 2364 3913 de
2386 3867 2533 3929 ipsius·

167 3939 341 3975 tamur
360 3928 631 3989 splendidius
652 3928 844 3984 dictum,
863 3943 996 3990 quam
1019 3927 1139 3992 solia
1159 3937 1333 3975 mutan·
1397 3927 1603 3990 operibus
1623 3926 1698 3973 hic
1721 3927 1790 3985 agi
1807 3925 2067 3987 putem,sed
2083 3927 2248 3973 Xerxis
2263 3929 2379 3977 circa
2394 3932 2526 3983 Atho

173 4009 283 4042 tur.
318 3994 380 4038 G.
1398 4004 1601 4040 montem
1625 3991 1987 4045 conatibus,cum
2004 3993 2245 4052 praesertim
2268 3993 2527 4046 inconstan-

247 4059 422 4105 Pronos
445 4061 486 4105 in
510 4076 660 4116 annos,
696 4056 743 4104 h.
773 4074 813 4104 e.
833 4057 879 4103 in
903 4056 1097 4116 singulos
1119 4068 1326 4105 auctum-
1389 4059 1502 4105 tiam
1526 4068 1755 4102 memoret.
1819 4054 2034 4102 Ceterum
2067 4057 2121 4103 de
2141 4069 2277 4120 portu
2310 4061 2438 4126 julio
2458 4077 2528 4113 est

169 4139 285 4172 nos.
318 4124 373 4169 B.
437 4123 517 4171 Cf.
538 4123 630 4170 Od.
653 4135 698 4184 3.
721 4134 799 4182 27.
822 4120 898 4171 18.
933 4124 995 4168 G.
1295 4174 1298 4181 ι
1392 4123 1509 4185 apud
1555 4123 1709 4168 Sueto.
1755 4122 1882 4180 Aug.
1912 4116 1987 4167 16.
2013 4122 2076 4167 G.
2138 4123 2272 4188 Regis
2292 4135 2394 4189 opus
2417 4144 2524 4178 cum

244 4186 313 4236 61
352 4188 479 4235 Nota
500 4202 626 4236 vetus
647 4202 771 4245 aas,
803 4203 885 4251 pro
906 4196 1112 4233 veturus.
1393 4190 1449 4234 sit
1493 4201 1606 4248 opus
1639 4185 1942 4245 magnificum,
1975 4186 2151 4245 regibus
2185 4190 2392 4239 maximis
2429 4194 2530 4257 dig-

247 4251 316 4311 63
362 4254 606 4316 λαερτιυς
662 4254 811 4301 Divus
857 4254 1078 4316 Augustus
1121 4255 1223 4298 duos
1264 4268 1329 4298 res
1392 4267 1538 4305 num;
1571 4265 1703 4312 opera
1738 4249 1932 4310 Augusti
1968 4261 2014 4296 et
2052 4250 2262 4316 Agrippae
2291 4262 2527 4307 commode

164 4318 492 4381 divinasficis
508 4336 526 4375 ,·
559 4338 658 4367 nam
687 4321 934 4367 Pomtinam
963 4318 1163 4364 Paludem
1186 4319 1327 4363 ss'cca·
1392 4315 1580 4376 intelligi
1612 4327 1812 4390 possunt,
1840 4316 2084 4378 praesertim
2120 4333 2226 4367 cum
2262 4322 2528 4389 Augustum

161 4388 267 4440 vit,
300 4393 349 4429 ue
395 4384 462 4430 ad
497 4401 614 4432 mare
654 4399 838 4433 meatu-s
875 4383 1025 4431 habere
1063 4391 1242 4447 cogeret,
1284 4390 1336 4427 ut
1393 4383 1541 4447 ipsum
1566 4396 1655 4427 non
1670 4392 1890 4429 nominet.

156 4458 284 4519 post
307 4458 348 4495 et
369 4451 501 4498 arari
516 4460 677 4515 posset,
705 4460 746 4498 et
769 4452 949 4501 Portum
972 4450 1208 4498 Lucrinum
1241 4465 1335 4496 usu·
1461 4446 1537 4495 De
1579 4446 1819 4510 sterilisque
1857 4450 1930 4494 diss
1966 4449 2096 4512 palus
2140 4449 2386 4517 Bentleius‚
2424 4458 2527 4520 jure
