3000 4979
423 323 535 389 viii
947 312 1006 383 J.
1056 317 1157 383 M.
1206 318 1624 385 GESNERI
1676 306 2209 385 PRAEFATIO'.

423 510 831 608 interpretis
882 492 1207 621 elogium
1254 507 1358 581 illi
1404 496 1556 583 non
1607 509 1921 599 invidet,
1971 502 2248 607 neque
2269 518 2436 583 eum
2491 520 2732 608 repre-

428 617 721 725 hendit,
776 645 862 708 ut
895 632 991 706 ad
1026 632 1180 706 Ser.
1220 645 1293 707 2.
1335 645 1402 706 3.
1442 644 1567 706 28.
1605 634 1690 706 it.
1716 645 1799 723 2.
1837 646 1909 707 4.
1949 642 2071 711 67.
2150 632 2249 705 Et
2284 657 2456 705 sane
2493 635 2734 707 erudi-

430 775 551 838 tus
612 769 750 849 est,
801 782 889 831 ac
952 756 1314 830 doctrinae
1369 754 1690 829 melioris
1759 754 2036 855 aliquid
2100 755 2308 829 nobis
2374 757 2734 854 impertit,

431 884 654 959 etiam
708 904 882 956 cum
933 892 1153 972 errat,
1206 892 1335 954 aut
1367 880 1586 953 nimis
1630 881 1973 977 indulget
2016 880 2366 979 ingenio;
2423 881 2500 953 id
2534 881 2736 978 quod

430 1008 807 1108 praeeipue
863 1004 1059 1079 circa
1117 1003 1277 1077 illas
1336 1002 1673 1102 Dilogias
1732 1004 1782 1076 i.
1843 1003 2282 1102 Allegoria8‚
2349 1015 2738 1102 tantopere

435 1144 712 1208 amatas
764 1132 953 1222 viro,
1008 1132 1442 1230 contingere
1493 1132 1799 1206 observo
1835 1131 1931 1206 V.
1968 1130 2066 1205 G.
2108 1132 2352 1207 Carm.
2399 1145 2462 1204 1.
2507 1144 2622 1207 15.
2663 1143 2741 1206 et

439 1262 561 1330 28.
598 1268 676 1330 et
714 1255 957 1331 sca-it.
998 1269 1068 1329 2.
1115 1267 1178 1328 1.
1226 1266 1339 1327 11.
1377 1266 1454 1327 et
1491 1267 1561 1327 a.
1604 1267 1674 1328 3.
1713 1266 1790 1329 et
1824 1269 1897 1329 4.
1943 1269 2005 1327 1.
2044 1246 2265 1353 atque
2309 1266 2378 1328 6.
2417 1255 2741 1355 denique

436 1379 758 1478 Epodon
804 1391 918 1452 13.
963 1391 1127 1470 12.;
1184 1378 1260 1450 in
1298 1377 1562 1476 quibus
1607 1375 1789 1450 loeis
1837 1402 2096 1477 parum
2132 1372 2426 1453 videtur
2462 1398 2758 1454 memor-

436 1505 661 1580 fiiisse
715 1528 1001 1591 eorum,
1056 1527 1222 1602 quae
1274 1501 1544 1577 salubri
1592 1492 1898 1576 consilio
1931 1503 2088 1601 ipse
2122 1505 2412 1577 monuit
2444 1504 2539 1578 ad
2576 1502 2748 1579 Car.

441 1641 515 1701 4.
556 1637 627 1706 7.
672 1640 788 1701 10.
826 1626 1016 1724 (vid.
1056 1624 1449 1721 Addend.)
1486 1626 1616 1699 sed
1651 1636 1737 1699 ut
1771 1625 1988 1700 simul
2027 1640 2361 1702 moneret
2395 1627 2490 1702 de
2526 1630 2751 1703 tribus

442 1754 639 1827 horis
666 1778 724 1825 s,
754 1751 929 1825 anni
955 1750 1546 1847 tempestatibus,
1584 1749 1778 1847 quod
1810 1749 2060 1823 neseio
2088 1775 2179 1823 an
2211 1750 2494 1833 Latinis
2522 1752 2760 1827 literis

439 1876 831 1977 proditum
858 1873 973 1944 sit.
1040 1870 1320 1956 Quod
1302 1894 1375 1940 m
1410 1866 1813 1968 posteriore
1849 1871 2175 1945 editione
2211 1898 2497 1947 amarus
2530 1877 2754 1950 i‘nter-

446 2000 623 2072 dum
670 1995 963 2070 videtur
1015 1992 1092 2064 in
1133 1989 1583 2079 Bentleium,
1634 1976 1824 2064 forte
1859 1993 1949 2065 ab
1990 1991 2115 2066 illo
2167 2006 2627 2070 contemtum
2678 2026 2758 2074 se

445 2120 786 2221 putabat,
840 2115 1027 2215 (vid.
1085 2114 1180 2189 ad
1214 2113 1383 2188 Car.
1424 2127 1494 2187 4.
1543 2128 1657 2188 14.
1704 2115 1856 2211 10.)
1908 2116 2096 2192 forte
2149 2119 2598 2195 morosulum
2653 2148 2761 2198 se-

449 2256 713 2319 nectus
746 2241 1053 2330 fecerat,
1105 2238 1294 2312 forte
1332 2262 1426 2313 ne
1460 2237 1866 2313 destinarat
1900 2241 2199 2339 quidem
2251 2245 2445 2343 typis
2479 2247 2759 2338 omnia,

453 2382 620 2468 quae
651 2364 983 2442 illuserat
1016 2360 1467 2459 marginibus
1499 2360 1670 2435 libri
1701 2363 1840 2435 sui.

559 2491 749 2579 Quae
812 2511 985 2562 cum
1046 2486 1150 2559 ita
1205 2485 1378 2575 sint,
1448 2483 1892 2560 Baxteriana
1951 2488 2421 2588 exemplaria.
2466 2493 2772 2571 Horatii-

460 2604 982 2695 eommendare
1042 2611 1367 2687 solebam
1414 2611 1832 2710 junioribus
1891 2616 2191 2708 amicis3
2245 2631 2324 2694 et
2383 2645 2762 2720 nunquam

458 2745 648 2818 forte
678 2742 774 2816 de
801 2739 1093 2814 edendo
1126 2736 1442 2810 Horatio
1468 2737 1928 2835 cogitaturus
1954 2741 2111 2838 ipse
2138 2740 2446 2834 fueram,
2472 2745 2762 2821 illorum

460 2867 520 2941 si
558 2865 772 2963 copia
805 2862 959 2936 fieri
997 2861 1338 2934 studiosis
1372 2862 1448 2933 in
1485 2861 1890 2937 Germania
1925 2867 2301 2962 potuisset.
2409 2869 2553 2944 Sed
2590 2896 2765 2945 cum

461 2990 698 3063 visum
762 2997 953 3061 esset
1011 2985 1282 3058 librum
1324 2985 1442 3059 ita
1500 2987 1788 3078 utilem,
1859 2987 1964 3062 ita
2017 2992 2512 3081 commodum,
2567 3018 2770 3092 para-

464 3114 690 3187 bilem
752 3109 974 3185 etiam
1035 3109 1278 3182 facere
1333 3109 1625 3199 nostriS,
1703 3109 2038 3185 nolebam
2103 3114 2310 3188 illum
2371 3118 2552 3193 sine
2592 3120 2769 3196 dote

467 3237 711 3336 aliqua
745 3261 788 3308 a
825 3259 941 3307 me
995 3232 1394 3323 dimittere,
1446 3232 1672 3331 idque
1709 3259 1799 3307 eo
1836 3236 2074 3310 minus
2126 3263 2296 3311 cum
2349 3254 2618 3337 praeter-
2659 3270 2771 3336 ea,

473 3385 639 3459 quae
672 3357 1161 3457 quadraginta
1210 3356 1524 3454 amplius
1563 3381 1924 3431 annorum
1962 3384 2131 3433 eum
2171 3361 2440 3437 Flacco
2462 3363 2778 3441 familia-

474 3485 677 3584 ritaS,
731 3493 807 3553 et
845 3502 1014 3552 usus
1048 3478 1307 3576 aliquis
1343 3503 1595 3564 earum
1630 3504 1901 3571 rerum,
1954 3484 2217 3581 quibus
2251 3484 2372 3559 hic
2407 3488 2592 3585 opu's
2635 3502 2773 3581 est,

474 3583 834 3703 subjicere
869 3614 1232 3702 poterant,
1290 3603 1509 3677 etiam
1547 3630 1590 3678 a
1626 3604 1919 3679 fortuna
1969 3606 2403 3684 offerrentur
2435 3612 2776 3708 quaedam

471 3727 823 3803 ornandae
884 3725 1227 3800 editionis
1288 3726 1650 3824 praesidia.
1756 3728 2006 3816 Quare
2067 3734 2289 3807 statui
2344 3735 2577 3809 tribus
2634 3735 2776 3810 illis

476 3849 896 3952 generibu3‚
949 3875 1116 3949 quae
1152 3851 1225 3923 in
1262 3849 1422 3949 ipso
1456 3845 1790 3949 ingressu
1826 3858 2422 3946 commemoravi,
2475 3883 2775 3957 augere,

476 3963 614 4078 pro
649 3976 992 4074 praesenti
1031 3976 1244 4074 copia
1280 3989 1357 4051 et
1392 3976 1794 4066 voluntate,
1853 3980 2150 4056 Baxteri
2190 3983 2617 4059 editionem.

580 4101 699 4174 Ac
729 4101 965 4198 primo
994 4101 1290 4199 quidem
1320 4126 1469 4175 non
1502 4115 1650 4176 tam
1679 4105 1820 4179 hoc
1848 4107 1995 4203 egi,
2019 4120 2105 4181 ut
2126 4111 2592 4185 emendarem
2624 4112 2775 4185 Ho-

481 4224 777 4314 ratium,
814 4228 1011 4323 quod
1050 4251 1315 4300 munus
1352 4228 1752 4319 cumulate,
1785 4243 1862 4304 et
1895 4231 2082 4305 torte
2117 4232 2308 4331 plus»,
2339 4259 2563 4333 quam
2599 4262 2779 4334 epus

477 4360 661 4438 erat,
714 4348 818 4422 illi
872 4350 1276 4448 praestitum
1330 4353 1688 4447 arbitror,
1747 4378 1966 4453 quam
2004 4370 2084 4430 ut
2119 4359 2211 4431 ab
2247 4357 2777 4459 intempestivis
