3000 4979
951 340 1506 408 SERMONUM
1559 341 1711 406 Lm.
1747 343 1837 410 11.
1887 356 1949 411 3.

2491 364 2621 429 387

535 520 904 605 Culpantur
936 516 1173 584 frustra
1200 519 1450 597 calami,
1509 520 1991 607 immeritusque
2021 520 2272 590 laborat

534 632 726 696 Iratis
759 643 947 694 natus
976 630 1191 713 paries
1224 627 1349 695 Dis
1380 643 1572 715 atque
1601 631 1826 714 poe'tiS.

536 742 739 828 Atqui
781 740 994 805 vultus
1024 753 1161 804 erat
1192 739 1396 803 multa
1426 756 1491 803 et
1520 740 1835 824 praeclara
1864 742 2190 823 minantiS,

362 860 444 916 10

538 852 607 917 Si
636 874 911 917 vacuum
941 851 1161 935 tepido
1192 851 1464 936 cepisset
1493 851 1716 916 villula
1746 864 1939 917 tecto.

534 961 864 1037 Quorsum
897 963 1213 1048 pertinuit
1243 962 1478 1046 stipare
1512 962 1788 1027 Platona
1823 963 2232 1029 Menandro?

535 1072 841 1157 Eupolin,
891 1073 1380 1152 Archilochum,
1429 1075 1694 1139 comites
1723 1075 1997 1141 educere
2029 1073 2291 1140 tantos?

533 1183 850 1247 Invidiam
884 1183 1140 1268 placare
1170 1206 1379 1268 paras,
1430 1182 1688 1248 Virtute
1718 1183 1994 1250 relicta?

539 1290 973 1359 Contemnere
1005 1295 1228 1360 miser:
1278 1296 1542 1360 vitanda
1571 1309 1668 1360 est
1697 1296 1997 1381 improba
2030 1296 2218 1361 Siren

366 1409 441 1465 15

534 1512 916 1579 Ponendum
948 1538 1137 1602 aequo
1169 1515 1406 1579 animo.

531 1621 779 1688 Verum
811 1625 895 1690 ob
926 1626 1269 1691 consilium
1301 1626 1549 1691 donent
1580 1639 1856 1693 tonsore.

532 1402 847 1469 Desidia:
897 1418 1010 1469 aut
1039 1405 1348 1491 quicquid
1382 1406 1515 1469 vita
1545 1406 1811 1471 meliore
1843 1406 2103 1492 parasti,

1502 1529 1548 1597 ΊῙ
1601 1514 1693 1580 Di
1731 1531 1813 1596 te,
1849 1517 2273 1602 Damasippe,
2307 1514 2571 1603 ‹leaeque

1947 1628 2060 1693 sed
2094 1627 2267 1692 unde

537 1732 704 1797 Tam
738 1735 900 1800 bene
927 1757 1034 1802 me
1058 1734 1279 1800 nosti?
1359 1744 1405 1812 ΊῘ
1461 1736 1810 1823 Postquam
1841 1739 2050 1802 omnis
2082 1760 2183 1802 res
2212 1759 2355 1802 mea
2378 1735 2618 1800 Janum

534 1844 644 1908 Ad
673 1845 956 1910 medium
987 1846 1190 1910 fracta
1221 1858 1335 1923 est,
1385 1845 1598 1912 aliena
1627 1849 1889 1936 negotia
1921 1871 2101 1925 cure,

401 2062 464 2099 10
494 2051 615 2100 lecto
635 2055 809 2117 conjicit
826 2071 879 2101 ac
898 2056 1076 2104 damnat
1098 2057 1243 2103 Benel.

332 2243 427 2292 Mt
462 2255 554 2302 ηις
622 2247 789 2295 frustra
842 2250 1036 2299 succinis
1090 2251 1310 2313 ambages,
1365 2265 1411 2300 et

262 2324 422 2383 causas
465 2311 624 2369 nectis,
654 2328 767 2375 quas
810 2316 1023 2364 nolumus
1068 2317 1238 2364 audire.
1305 2318 1413 2365 Nu-

259 2389 397 2436 garis.

334 2451 361 2500 7
398 2439 616 2501 Laborat,
644 2443 720 2491 dat
742 2459 907 2508 poenas.

330 2504 361 2553 8
398 2507 504 2554 Diis
541 2518 668 2556 natus
703 2513 834 2558 iratis
874 2511 1029 2559 infelix
1063 2513 1246 2571 dicitur,
1281 2515 1407 2576 cujus

260 2571 384 2618 mala
407 2573 534 2619 astris
556 2573 817 2634 imputanda
841 2590 964 2630 sunt,
997 2594 1088 2625 non
1112 2595 1195 2626 suo
1228 2580 1413 2637 merito,

261 2648 313 2684 et
348 2636 475 2703 rag&
497 2636 759 2703 reoehona'au
785 2642 923 2690 Poetis
952 2643 1123 2691 intulit.
1175 2645 1230 2691 B.
1297 2645 1410 2692 Sen-

266 2717 348 2749 sus
368 2715 471 2748 est:
508 2705 571 2751 Et
593 2705 758 2753 frustra
783 2707 978 2770 culpam,
1012 2710 1131 2772 quod
1163 2709 1279 2757 nihil
1301 2710 1412 2756 scri-

263 2766 354 2824 bis,
384 2768 598 2815 transfers
620 2770 666 2815 in
689 2770 905 2832 parietem
930 2788 1153 2832 ceratum,
1187 2776 1311 2838 quasi
1337 2776 1410 2823 hic

262 2843 362 2879 tam
400 2833 458 2880 sit
496 2833 671 2891 infelix,
701 2848 753 2883 ut
782 2849 827 2884 te
871 2839 1105 2901 impediat,
1135 2856 1228 2902 quo
1260 2841 1411 2887 minus

270 2913 428 2944 versus
448 2899 641 2945 scribere
662 2901 818 2963 possis.
890 2905 951 2950 Z.

330 2974 363 3023 9
399 2964 631 3011 Minantis
649 2989 666 3021 ,-
715 2967 851 3014 Poeta
868 2978 950 3032 per
973 2972 1235 3016 contrarium
1259 2970 1380 3017 dixit
1392 2992 1410 3026 ,-

268 3027 465 3075 Promisi
493 3029 687 3087 ultorem,
716 3044 758 3079 et
780 3035 928 3080 verbis
961 3037 1058 3080 odia
1093 3047 1250 3099 aspera
1290 3037 1417 3082 movi.

268 3092 386 3138 Vct.
420 3094 573 3142 Schol.
615 3096 756 3158 Cruq.
788 3112 837 3144 ut
875 3100 1109 3146 ostenderet
1146 3102 1278 3147 nescio
1313 3103 1418 3165 quid

271 3158 487 3214 elationis,
516 3170 567 3206 ut
587 3160 704 3207 belle
728 3163 980 3211 Laudinus.

344 3233 407 3268 10
444 3222 590 3286 Tepido
633 3237 739 3275 tecto
754 3245 772 3285 ;
819 3232 991 3277 amavit
1034 3231 1143 3276 enim
1187 3231 1411 3279 Horatius

251 3288 413 3352 soem
463 3289 788 3351 luculentiorem,
853 3296 1006 3341 idcirco
1071 3295 1148 3342 suh
1217 3297 1415 3343 Hiemem

265 3352 432 3400 solebat
462 3373 507 3401 se
538 3359 785 3420 rranfirre
818 3361 861 3406 in
887 3361 1049 3407 villam
1076 3370 1257 3425 propter
1278 3363 1420 3426 ligno-

268 3437 370 3466 rtm
392 3421 567 3483 copiam.
633 3424 745 3470 Vct.
768 3424 920 3472 Schol.
944 3426 1089 3490 Cruq.
1127 3426 1180 3473 B.
1247 3427 1419 3475 lnteui-

265 3482 336 3545 git
358 3494 492 3547 poeta
512 3485 679 3597 {illam
702 3488 750 3534 in
775 3491 970 3548 Sabinis,
997 3507 1022 3538 a
1054 3491 1309 3540 Maecenate
1336 3494 1420 3540 do—

267 3557 465 3596 natam.'
561 3585 574 3599 .

339 3628 397 3662 11
437 3613 616 3680 Stipare
631 3639 647 3672 ,-
684 3620 729 3666 in
760 3622 952 3669 vehiculo
989 3631 1162 3670 arctare
1198 3642 1339 3671 eorum
1364 3624 1418 3670 11·-

262 3677 379 3727 broe.
445 3680 557 3729 Vct.
580 3683 737 3732 Schol-

332 3745 532 3792 Platona
544 3770 561 3803 ,-
629 3750 740 3796 Rem
797 3751 877 3799 tibi
934 3750 1165 3802 SocratIcae
1212 3761 1419 3817 poterunt

261 3812 483 3858 utendere'
498 3812 678 3861 charte.

338 3889 401 3925 12
435 3877 513 3923 De
534 3879 844 3927 Archilochum
877 3882 1130 3940 Bmdeius,
1162 3882 1286 3931 nisus
1313 3900 1421 3931 auc-

266 3941 457 3989 toritate
477 3943 614 3990 unius
636 3957 815 3992 tantum
840 3947 991 4004 Libri,
1021 3950 1075 3996 de
1102 3963 1226 3997 more
1250 3965 1332 3996 suo
1350 3950 1421 3997 fe-

262 4007 327 4055 cit
354 4008 639 4057 Archilocho.
693 4010 947 4060 Horatiana
971 4015 1158 4061 variatio
1180 4015 1420 4062 consuevit

261 4070 331 4118 illi
357 4072 610 4134 displicere.

335 4151 397 4198 13
437 4138 675 4186 Invidiam
700 4142 881 4204 placare
891 4166 908 4199 ,·
942 4147 1071 4190 eundo
1107 4146 1172 4192 ad
1197 4163 1352 4209 agrum
1374 4146 1424 4190 fd

261 4202 449 4251 volebas
471 4222 617 4268 agere,
643 4206 825 4268 placare
845 4210 1085 4264 invidiam,
1115 4227 1245 4273 quam
1274 4213 1419 4274 patie-

259 4268 370 4316 hore
415 4272 460 4316 in
502 4270 683 4333 publica
717 4276 883 4335 potitus
907 4276 1053 4336 facie.
1115 4276 1228 4322 Vct.
1266 4273 1417 4322 Schol-

264 4333 362 4382 Per
386 4335 756 4397 Prosopopoeiam
781 4339 1003 4388 invidiam
1025 4351 1160 4402 atque
1181 4339 1420 4389 Virtutem

259 4414 351 4462 pro
376 4399 662 4449 Numinibus
683 4402 859 4466 accipit.

1586 2070 1650 2107 12
1681 2059 1871 2106 educere
1891 2056 1910 2105 ἓ
1945 2058 2071 2120 quid,
2096 2069 2147 2106 tu
2169 2060 2275 2123 ιω).
2292 2060 2496 2122 ngers.

1549 2252 1724 2298 Vn-me
1767 2251 1920 2296 relicta
1934 2271 1951 2305 ,·
2004 2261 2151 2312 spreta
2193 2247 2421 2298 Socratica
2465 2244 2622 2293 Disci-

1477 2316 1618 2380 plina,
1650 2327 1695 2362 et
1711 2316 1930 2361 scribendi
1950 2315 2119 2363 studio.

1548 2396 1608 2440 14
1642 2381 1801 2428 Miser
1821 2392 1869 2427 et
1897 2382 2054 2445 infelix
2076 2380 2295 2428 commoti
2328 2375 2619 2441 compellatio

1477 2459 1561 2496 est.

1540 2510 1763 2588 Improba,
1793 2511 1938 2575 pellax
1970 2525 2015 2559 et
2054 2528 2274 2574 nequam:
2313 2524 2361 2558 et
2379 2508 2618 2559 commode

1473 2578 1649 2626 inducit
1699 2578 2085 2636 Allegorizantem
2133 2578 2356 2625 Stoicum.
2429 2575 2618 2623 Horum

1476 2644 1598 2690 enim
1633 2644 1868 2690 inventum
1905 2643 2156 2689 Homerica
2183 2642 2430 2703 Auegoria.
2498 2638 2621 2685 Vide

1475 2708 1727 2772 Epistulam
1753 2709 1805 2754 ad
1830 2708 2036 2755 Lollium
2065 2722 2107 2755 x.
2131 2720 2175 2756 2.

1546 2788 1602 2834 15
1667 2774 1777 2820 Vtra
1829 2776 2030 2824 meliore:
2104 2774 2334 2819 honestiore
2392 2770 2624 2836 proposito.

1476 2840 1589 2886 Vct.
1623 2839 1775 2886 Schol.
1842 2838 2030 2885 Publica
2063 2836 2235 2885 scilicet
2266 2836 2626 2884 conversatione.

1479 2904 1652 2962 Tangit
1688 2904 2015 2966 Epicureorum
2053 2901 2253 2962 Dogma,
2284 2903 2410 2948 Δάθι
2443 2900 2625 2957 βώσας.

1482 2969 1537 3016 Β.
1583 2971 1749 3016 Sensus
1770 2969 1858 3015 loci
1882 2981 1979 3014 est:
2020 2968 2120 3014 Aut
2145 2983 2234 3014 non
2259 2968 2392 3013 debes
2415 2967 2527 3012 alios
2548 2979 2623 3011 ac-

1482 3049 1659 3088 cusare,
1703 3034 1738 3080 si
1781 3033 1969 3093 gloriam
2013 3044 2118 3078 ante
2162 3032 2400 3080 scribendo
2442 3042 2619 3093 partam

1478 3098 1692 3146 amiseris.
1761 3099 1826 3145 Z.

1546 3176 1603 3223 17
1630 3164 1805 3220 Verum,
1824 3173 2029 3210 rectum:
2076 3177 2180 3208 nam
2206 3162 2369 3209 veritas
2390 3159 2502 3208 recti
2517 3175 2627 3207 nor-

1478 3244 1553 3275 ma
1578 3241 1644 3276 est
1667 3241 1802 3291 atque
1822 3243 2025 3275 examen.

1550 3296 1721 3342 Dormit
1744 3308 1934 3349 tonsore,·
1977 3293 2023 3339 h.
2045 3308 2085 3338 e.
2117 3292 2307 3340 reddant
2327 3291 2411 3339 tibi
2433 3289 2629 3347 divitias,

1480 3375 1574 3423 quo
1612 3360 1835 3407 conducas
1867 3359 1949 3405 tibi
1973 3369 2218 3406 tonsorem.
2284 3357 2406 3405 Salse
2430 3368 2477 3404 et
2498 3355 2628 3421 ταρὰ

1484 3422 1755 3491 προςδοκῖαι.
1790 3424 1909 3472 Vult
1925 3425 2164 3485 gratificari
2178 3424 2416 3487 Epicureis
2436 3423 2529 3468 suis
2545 3423 2627 3468 de-

1483 3491 1672 3538 ridendo
1693 3491 1956 3539 vultuosum
1978 3505 2136 3542 senem
2173 3504 2228 3537 ex
2250 3489 2402 3551 inopia
2425 3486 2628 3550 philoso-

1480 3557 1714 3620 phantcm.

1551 3620 1611 3670 18
1648 3623 1813 3670 Janum
1848 3625 1910 3669 ad
1940 3624 2152 3673 nediunu
2192 3620 2294 3668 Ideo
2333 3622 2396 3666 ad
2428 3617 2629 3672 medium,

1479 3691 1584 3752 qm'a
1620 3689 1665 3734 in
1709 3689 1880 3735 Rostris
1923 3688 2204 3735 simulacrum
2243 3687 2356 3732 Jaaei
2397 3697 2514 3740 erat,
2557 3683 2632 3729 ubi

1482 3773 1551 3801 res
1595 3756 1862 3816 pecuniariae
1915 3752 2153 3817 agebantur
2207 3762 2290 3814 per
2329 3753 2633 3814 feneratores.

1482 3819 1596 3866 vet.
1618 3818 1770 3866 Schol.
1836 3818 1948 3864 Jam'
1979 3824 2144 3864 statue
2177 3825 2266 3863 tres
2295 3829 2444 3872 erant,
2476 3832 2562 3861 una
2584 3817 2630 3860 n‘n

1483 3886 1676 3948 ingressu
1706 3885 1836 3939 For-t}
1873 3885 2014 3930 altero
2048 3886 2093 3929 in
2123 3882 2276 3939 medio,
2307 3882 2378 3928 ubi
2415 3890 2514 3927 erae
2543 3886 2632 3944 ejus

1488 3949 1733 4012 Templum,
1758 3952 1902 4013 juxta
1952 3949 2195 3996 Basilicam
2241 3948 2399 4002 Pauli,
2440 3946 2520 3992 vel
2551 3958 2634 4010 pro

1487 4016 1663 4061 Rostris
1677 4038 1694 4070 ,-
1733 4017 1864 4061 tertio
1899 4017 1960 4060 ad
1976 4016 2137 4060 exituu-
2160 4015 2282 4060 Fert.
2347 4012 2459 4058 vet.
2481 4010 2634 4058 Sebot.

1488 4080 1631 4142 Cruq.
1672 4080 1725 4126 B.

1550 4146 1744 4201 Vereor,
1776 4156 1829 4191 ut
1850 4144 1964 4190 bene
1996 4144 2081 4191 ista
2103 4159 2148 4191 se
2172 4142 2385 4190 habeant.

1483 4209 1726 4256 Thesauro
1750 4209 2071 4272 Stephaniano.
2139 4211 2203 4255 G.

1556 4287 1617 4336 19
1653 4276 1815 4322 Fracta
1855 4288 1917 4322 est
1935 4295 1951 4329 ,-
1991 4275 2280 4334 naufragium
2302 4288 2427 4351 passa
2451 4284 2534 4318 est.
2584 4272 2641 4318 B.

1486 4341 1652 4387 Aliena
1693 4343 1857 4405 negotia
1881 4360 1996 4396 curo,
2025 4340 2164 4387 estin
2187 4340 2370 4400 dilogta.
2408 4351 2512 4384 nam
2554 4339 2646 4396 sig-

1484 4405 1640 4452 nificat
1662 4417 1707 4453 et
1731 4419 1997 4468 procurator
2019 4421 2119 4453 sum
2144 4405 2357 4459 aliorum,
2388 4415 2435 4450 et
2453 4403 2642 4450 observo

1484 4470 1681 4518 aliorum
1706 4487 1879 4532 mores,
1907 4471 2068 4531 vitam,
2101 4471 2243 4519 facta.
2315 4471 2376 4517 Z.

1554 4549 1583 4586 2
1608 4537 1649 4582 C
1673 4549 1705 4588 2
2269 4539 2272 4544 “

2449 4141 2564 4189 Dixi
2585 4141 2635 4188 in
