<?xml version="1.0" encoding="UTF-8"?>
<!DOCTYPE html PUBLIC "-//W3C//DTD XHTML 1.0 Transitional//EN"
    "http://www.w3.org/TR/xhtml1/DTD/xhtml1-transitional.dtd">
<html xmlns="http://www.w3.org/1999/xhtml" xml:lang="en" lang="en">
 <head>
  <title>
</title>
<meta http-equiv="Content-Type" content="text/html;charset=utf-8" />
  <meta name='ocr-system' content='tesseract 3.04.00' />
  <meta name='ocr-capabilities' content='ocr_page ocr_carea ocr_par ocr_line ocrx_word'/>
</head>
<body>
  <div class='ocr_page' id='page_1' title='image "./qhoratiiflaccie03horagoog_0053.png"; bbox 0 0 3000 4979; ppageno 0'>
   <div class='ocr_carea' id='block_1_1' title="bbox 950 266 2550 342">
    <p class='ocr_par' dir='ltr' id='par_1_1' title="bbox 950 266 2550 342">
     <span class='ocr_line' id='line_1_1' title="bbox 950 266 2550 342; baseline 0.006 -10"><span class='ocrx_word' id='word_1_1' title='bbox 950 266 1254 334; x_wconf 73' lang='lat' dir='ltr'>METRA</span> <span class='ocrx_word' id='word_1_2' title='bbox 1299 266 1849 335; x_wconf 74' lang='lat' dir='ltr'><strong>HoRATlANA.</strong></span> <span class='ocrx_word' id='word_1_3' title='bbox 2410 280 2550 342; x_wconf 71' lang='lat' dir='ltr'><strong>xlvii</strong></span> 
     </span>
    </p>
   </div>
   <div class='ocr_carea' id='block_1_2' title="bbox 231 438 2550 755">
    <p class='ocr_par' dir='ltr' id='par_1_2' title="bbox 231 438 2550 755">
     <span class='ocr_line' id='line_1_2' title="bbox 236 438 2550 534; baseline 0.002 -23"><span class='ocrx_word' id='word_1_4' title='bbox 236 462 356 534; x_wconf 79' lang='lat' dir='ltr'><strong>per</strong></span> <span class='ocrx_word' id='word_1_5' title='bbox 384 467 453 510; x_wconf 85' lang='lat' dir='ltr'><strong>se</strong></span> <span class='ocrx_word' id='word_1_6' title='bbox 481 443 636 510; x_wconf 82' lang='lat' dir='ltr'><strong>facit</strong></span> <span class='ocrx_word' id='word_1_7' title='bbox 666 440 984 506; x_wconf 84' lang='lat' dir='ltr'><strong>canticum</strong></span> <span class='ocrx_word' id='word_1_8' title='bbox 1018 439 1098 505; x_wconf 88' lang='lat' dir='ltr'><strong>ad</strong></span> <span class='ocrx_word' id='word_1_9' title='bbox 1122 440 1462 506; x_wconf 76' lang='lat' dir='ltr'>Canidiam</span> <span class='ocrx_word' id='word_1_10' title='bbox 1479 451 1545 507; x_wconf 83' lang='lat' dir='ltr'><strong>et</strong></span> <span class='ocrx_word' id='word_1_11' title='bbox 1569 440 1975 508; x_wconf 80' lang='lat' dir='ltr'><strong>Palinodiam</strong></span> <span class='ocrx_word' id='word_1_12' title='bbox 2002 465 2020 519; x_wconf 87' lang='lat'>3</span> <span class='ocrx_word' id='word_1_13' title='bbox 2052 440 2206 509; x_wconf 81' lang='lat' dir='ltr'><strong>alibi</strong></span> <span class='ocrx_word' id='word_1_14' title='bbox 2225 438 2550 515; x_wconf 79' lang='lat' dir='ltr'><strong>Trimeter</strong></span> 
     </span>
     <span class='ocr_line' id='line_1_3' title="bbox 236 551 2549 641; baseline 0 -18"><span class='ocrx_word' id='word_1_15' title='bbox 236 556 544 623; x_wconf 78' lang='lat' dir='ltr'><strong>Dimetro</strong></span> <span class='ocrx_word' id='word_1_16' title='bbox 573 553 1013 640; x_wconf 70' lang='lat' dir='ltr'><strong>praemittitur,</strong></span> <span class='ocrx_word' id='word_1_17' title='bbox 1053 551 1265 637; x_wconf 85' lang='lat' dir='ltr'><strong>Epod.</strong></span> <span class='ocrx_word' id='word_1_18' title='bbox 1300 568 1359 617; x_wconf 77' lang='lat' dir='ltr'><strong>a.</strong></span> <span class='ocrx_word' id='word_1_19' title='bbox 1397 561 1452 616; x_wconf 90' lang='lat'><strong>1.</strong></span> <span class='ocrx_word' id='word_1_20' title='bbox 1483 552 1567 617; x_wconf 80' lang='lat' dir='ltr'><strong>ad</strong></span> <span class='ocrx_word' id='word_1_21' title='bbox 1605 562 1708 617; x_wconf 90' lang='lat'><strong>10.</strong></span> <span class='ocrx_word' id='word_1_22' title='bbox 1763 565 1877 618; x_wconf 76' lang='lat' dir='ltr'><strong>aut</strong></span> <span class='ocrx_word' id='word_1_23' title='bbox 1929 551 2161 621; x_wconf 76' lang='lat' dir='ltr'><strong>Hei-oo</strong></span> <span class='ocrx_word' id='word_1_24' title='bbox 2199 558 2549 641; x_wconf 73' lang='lat' dir='ltr'><strong>purussub-</strong></span> 
     </span>
     <span class='ocr_line' id='line_1_4' title="bbox 231 663 2550 755; baseline 0.003 -23"><span class='ocrx_word' id='word_1_25' title='bbox 231 668 554 755; x_wconf 84' lang='lat' dir='ltr'><strong>jungitur,</strong></span> <span class='ocrx_word' id='word_1_26' title='bbox 592 663 801 750; x_wconf 88' lang='lat' dir='ltr'><strong>Epod.</strong></span> <span class='ocrx_word' id='word_1_27' title='bbox 843 665 945 730; x_wconf 88' lang='grc'><strong>16.</strong></span> <span class='ocrx_word' id='word_1_28' title='bbox 978 676 1090 729; x_wconf 90' lang='lat' dir='ltr'><strong>aut</strong></span> <span class='ocrx_word' id='word_1_29' title='bbox 1118 663 1393 751; x_wconf 85' lang='lat' dir='ltr'><strong>denique</strong></span> <span class='ocrx_word' id='word_1_30' title='bbox 1420 663 1847 749; x_wconf 74' lang='lat' dir='ltr'><strong>praetenditur</strong></span> <span class='ocrx_word' id='word_1_31' title='bbox 1878 663 2249 732; x_wconf 87' lang='lat' dir='ltr'><strong>Horatiano</strong></span> <span class='ocrx_word' id='word_1_32' title='bbox 2278 686 2388 736; x_wconf 85' lang='lat' dir='ltr'><strong>seu</strong></span> <span class='ocrx_word' id='word_1_33' title='bbox 2421 665 2550 737; x_wconf 82' lang='lat' dir='ltr'><strong>Ar-</strong></span> 
     </span>
    </p>
   </div>
   <div class='ocr_carea' id='block_1_3' title="bbox 243 770 2547 971">
    <p class='ocr_par' dir='ltr' id='par_1_3' title="bbox 243 770 2547 971">
     <span class='ocr_line' id='line_1_5' title="bbox 245 770 2547 861; baseline 0.002 -19"><span class='ocrx_word' id='word_1_34' title='bbox 245 776 571 842; x_wconf 88' lang='lat' dir='ltr'><strong>chilochio</strong></span> <span class='ocrx_word' id='word_1_35' title='bbox 602 775 959 860; x_wconf 83' lang='lat' dir='ltr'><strong>composito</strong></span> <span class='ocrx_word' id='word_1_36' title='bbox 989 796 1071 840; x_wconf 83' lang='lat' dir='ltr'><strong>ex</strong></span> <span class='ocrx_word' id='word_1_37' title='bbox 1102 773 1600 840; x_wconf 84' lang='lat' dir='ltr'><strong>Penthemimeri</strong></span> <span class='ocrx_word' id='word_1_38' title='bbox 1632 773 1977 861; x_wconf 83' lang='lat' dir='ltr'><strong>Dactylico</strong></span> <span class='ocrx_word' id='word_1_39' title='bbox 2007 788 2073 842; x_wconf 83' lang='lat' dir='ltr'><strong>et</strong></span> <span class='ocrx_word' id='word_1_40' title='bbox 2105 770 2395 845; x_wconf 85' lang='lat' dir='ltr'><strong>Iambico</strong></span> <span class='ocrx_word' id='word_1_41' title='bbox 2423 778 2547 846; x_wconf 68' lang='lat' dir='ltr'><strong>Di-</strong></span> 
     </span>
     <span class='ocr_line' id='line_1_6' title="bbox 243 884 922 971; baseline -0.001 -20"><span class='ocrx_word' id='word_1_42' title='bbox 243 901 476 951; x_wconf 89' lang='lat' dir='ltr'><strong>metro.</strong></span> <span class='ocrx_word' id='word_1_43' title='bbox 568 884 781 971; x_wconf 89' lang='lat' dir='ltr'><strong>Epod.</strong></span> <span class='ocrx_word' id='word_1_44' title='bbox 824 896 922 950; x_wconf 93' lang='grc'><strong>11.</strong></span> 
     </span>
    </p>
   </div>
   <div class='ocr_carea' id='block_1_4' title="bbox 240 994 2558 2308">
    <p class='ocr_par' dir='ltr' id='par_1_4' title="bbox 240 978 2554 1415">
     <span class='ocr_line' id='line_1_7' title="bbox 342 994 2548 1082; baseline 0.002 -21"><span class='ocrx_word' id='word_1_45' title='bbox 342 1006 443 1061; x_wconf 76' lang='grc'><strong>12.</strong></span> <span class='ocrx_word' id='word_1_46' title='bbox 490 996 951 1079; x_wconf 71' lang='lat' dir='ltr'><strong>Asclepiadem</strong></span> <span class='ocrx_word' id='word_1_47' title='bbox 983 994 1566 1079; x_wconf 75' lang='lat' dir='ltr'><strong>Dodecasyllabum3</strong></span> <span class='ocrx_word' id='word_1_48' title='bbox 1613 997 1826 1082; x_wconf 89' lang='lat' dir='ltr'><strong>ipsum</strong></span> <span class='ocrx_word' id='word_1_49' title='bbox 1847 995 2231 1063; x_wconf 84' lang='lat' dir='ltr'><strong>cantilenam</strong></span> <span class='ocrx_word' id='word_1_50' title='bbox 2255 997 2548 1066; x_wconf 81' lang='lat' dir='ltr'><strong>absolvit.</strong></span> 
     </span>
     <span class='ocr_line' id='line_1_8' title="bbox 245 1105 2554 1193; baseline 0.001 -19"><span class='ocrx_word' id='word_1_51' title='bbox 245 1108 326 1174; x_wconf 91' lang='lat' dir='ltr'><strong>L.</strong></span> <span class='ocrx_word' id='word_1_52' title='bbox 367 1117 422 1173; x_wconf 85' lang='lat'><strong>1.</strong></span> <span class='ocrx_word' id='word_1_53' title='bbox 484 1105 570 1172; x_wconf 89' lang='grc' dir='ltr'><strong>Ο.</strong></span> <span class='ocrx_word' id='word_1_54' title='bbox 625 1117 677 1170; x_wconf 92' lang='grc'><strong>1.</strong></span> <span class='ocrx_word' id='word_1_55' title='bbox 773 1105 1165 1193; x_wconf 85' lang='lat' dir='ltr'><strong>Glyconium</strong></span> <span class='ocrx_word' id='word_1_56' title='bbox 1214 1106 1643 1192; x_wconf 73' lang='lat' dir='ltr'><strong>subsequitur.</strong></span> <span class='ocrx_word' id='word_1_57' title='bbox 1734 1107 1813 1173; x_wconf 93' lang='lat' dir='ltr'><strong>L.</strong></span> <span class='ocrx_word' id='word_1_58' title='bbox 1872 1120 1922 1173; x_wconf 93' lang='grc'><strong>1.</strong></span> <span class='ocrx_word' id='word_1_59' title='bbox 1973 1107 2056 1174; x_wconf 91' lang='grc' dir='ltr'><strong>Ο.</strong></span> <span class='ocrx_word' id='word_1_60' title='bbox 2099 1117 2161 1172; x_wconf 85' lang='grc'><strong>3.</strong></span> <span class='ocrx_word' id='word_1_61' title='bbox 2205 1124 2327 1176; x_wconf 80' lang='lat' dir='ltr'><strong>etc.</strong></span> <span class='ocrx_word' id='word_1_62' title='bbox 2368 1124 2554 1177; x_wconf 73' lang='lat' dir='ltr'><strong>terna</strong></span> 
     </span>
     <span class='ocr_line' id='line_1_9' title="bbox 240 1215 2552 1311; baseline 0.003 -30"><span class='ocrx_word' id='word_1_63' title='bbox 240 1216 630 1302; x_wconf 86' lang='lat' dir='ltr'><strong>praecedunt</strong></span> <span class='ocrx_word' id='word_1_64' title='bbox 661 1215 1076 1303; x_wconf 88' lang='lat' dir='ltr'><strong>Glyconium.</strong></span> <span class='ocrx_word' id='word_1_65' title='bbox 1164 1216 1242 1281; x_wconf 92' lang='lat' dir='ltr'><strong>L.</strong></span> <span class='ocrx_word' id='word_1_66' title='bbox 1305 1225 1362 1282; x_wconf 86' lang='lat'><strong>1.</strong></span> <span class='ocrx_word' id='word_1_67' title='bbox 1411 1215 1495 1282; x_wconf 88' lang='lat' dir='ltr'><strong>O.</strong></span> <span class='ocrx_word' id='word_1_68' title='bbox 1546 1219 1610 1284; x_wconf 88' lang='grc'><strong>6.</strong></span> <span class='ocrx_word' id='word_1_69' title='bbox 1658 1218 1983 1283; x_wconf 61' lang='lat' dir='ltr'><strong>etc.=bina</strong></span> <span class='ocrx_word' id='word_1_70' title='bbox 2030 1219 2151 1284; x_wconf 86' lang='lat' dir='ltr'><strong>sibi</strong></span> <span class='ocrx_word' id='word_1_71' title='bbox 2198 1236 2552 1311; x_wconf 83' lang='lat' dir='ltr'><strong>aggregant</strong></span> 
     </span>
     <span class='ocr_line' id='line_1_10' title="bbox 243 1326 2119 1415; baseline 0.001 -23"><span class='ocrx_word' id='word_1_72' title='bbox 243 1326 737 1392; x_wconf 87' lang='lat' dir='ltr'><strong>Pherecratium</strong></span> <span class='ocrx_word' id='word_1_73' title='bbox 768 1349 915 1392; x_wconf 90' lang='lat' dir='ltr'><strong>cum</strong></span> <span class='ocrx_word' id='word_1_74' title='bbox 950 1326 1293 1414; x_wconf 88' lang='lat' dir='ltr'><strong>Glyconio.</strong></span> <span class='ocrx_word' id='word_1_75' title='bbox 1340 1326 1421 1393; x_wconf 92' lang='lat' dir='ltr'><strong>L.</strong></span> <span class='ocrx_word' id='word_1_76' title='bbox 1459 1337 1516 1393; x_wconf 89' lang='lat'><strong>1.</strong></span> <span class='ocrx_word' id='word_1_77' title='bbox 1565 1327 1650 1394; x_wconf 93' lang='lat' dir='ltr'><strong>O.</strong></span> <span class='ocrx_word' id='word_1_78' title='bbox 1673 1338 1736 1394; x_wconf 84' lang='lat'><strong>5.</strong></span> <span class='ocrx_word' id='word_1_79' title='bbox 1770 1341 1835 1394; x_wconf 89' lang='lat' dir='ltr'><strong>et</strong></span> <span class='ocrx_word' id='word_1_80' title='bbox 1865 1328 2119 1415; x_wconf 80' lang='lat' dir='ltr'><strong>saepius.</strong></span> 
     </span>
    </p>

    <p class='ocr_par' dir='ltr' id='par_1_5' title="bbox 240 1437 2551 1633">
     <span class='ocr_line' id='line_1_11' title="bbox 310 1437 2551 1530; baseline 0.004 -29"><span class='ocrx_word' id='word_1_81' title='bbox 310 1484 313 1487; x_wconf 91' lang='lat'>-</span> <span class='ocrx_word' id='word_1_82' title='bbox 339 1444 443 1502; x_wconf 82' lang='grc'><strong>13.</strong></span> <span class='ocrx_word' id='word_1_83' title='bbox 492 1438 857 1529; x_wconf 68' lang='lat' dir='ltr'><strong>Sapphicum</strong></span> <span class='ocrx_word' id='word_1_84' title='bbox 878 1437 1463 1525; x_wconf 59' lang='lat' dir='ltr'><strong>Hendecasyllabmn</strong></span> <span class='ocrx_word' id='word_1_85' title='bbox 1484 1472 1509 1512; x_wconf 85' lang='lat'><strong>,-</strong></span> <span class='ocrx_word' id='word_1_86' title='bbox 1559 1438 1751 1505; x_wconf 88' lang='lat' dir='ltr'><strong>unius</strong></span> <span class='ocrx_word' id='word_1_87' title='bbox 1780 1439 2044 1505; x_wconf 89' lang='lat' dir='ltr'><strong>omnino</strong></span> <span class='ocrx_word' id='word_1_88' title='bbox 2066 1439 2294 1529; x_wconf 81' lang='lat' dir='ltr'><strong>figuroe</strong></span> <span class='ocrx_word' id='word_1_89' title='bbox 2323 1456 2551 1530; x_wconf 78' lang='lat' dir='ltr'><strong>quarto</strong></span> 
     </span>
     <span class='ocr_line' id='line_1_12' title="bbox 240 1545 1193 1633; baseline -0.001 -22"><span class='ocrx_word' id='word_1_90' title='bbox 240 1546 571 1612; x_wconf 78' lang='lat' dir='ltr'><strong>clauditur</strong></span> <span class='ocrx_word' id='word_1_91' title='bbox 606 1545 891 1611; x_wconf 84' lang='lat' dir='ltr'><strong>Adonio:</strong></span> <span class='ocrx_word' id='word_1_92' title='bbox 939 1549 1193 1633; x_wconf 86' lang='lat' dir='ltr'><strong>passim.</strong></span> 
     </span>
    </p>

    <p class='ocr_par' dir='ltr' id='par_1_6' title="bbox 255 1655 2558 2081">
     <span class='ocr_line' id='line_1_13' title="bbox 350 1655 2555 1745; baseline 0.001 -23"><span class='ocrx_word' id='word_1_93' title='bbox 350 1668 442 1722; x_wconf 73' lang='lat'><strong>14.</strong></span> <span class='ocrx_word' id='word_1_94' title='bbox 490 1655 806 1720; x_wconf 83' lang='lat' dir='ltr'><strong>Alcaicum</strong></span> <span class='ocrx_word' id='word_1_95' title='bbox 865 1657 1459 1744; x_wconf 83' lang='lat' dir='ltr'><strong>Hendecasyllabum</strong></span> <span class='ocrx_word' id='word_1_96' title='bbox 1483 1683 1504 1719; x_wconf 93' lang='lat'><strong>.·</strong></span> <span class='ocrx_word' id='word_1_97' title='bbox 1568 1657 1809 1744; x_wconf 85' lang='lat' dir='ltr'><strong>ubique</strong></span> <span class='ocrx_word' id='word_1_98' title='bbox 1863 1658 1987 1723; x_wconf 88' lang='lat' dir='ltr'><strong>sibi</strong></span> <span class='ocrx_word' id='word_1_99' title='bbox 2033 1679 2153 1745; x_wconf 90' lang='lat' dir='ltr'><strong>par</strong></span> <span class='ocrx_word' id='word_1_100' title='bbox 2180 1674 2429 1727; x_wconf 89' lang='lat' dir='ltr'><strong>constat</strong></span> <span class='ocrx_word' id='word_1_101' title='bbox 2473 1682 2555 1726; x_wconf 82' lang='lat' dir='ltr'><strong>cx</strong></span> 
     </span>
     <span class='ocr_line' id='line_1_14' title="bbox 260 1767 2558 1855; baseline 0 -18"><span class='ocrx_word' id='word_1_102' title='bbox 260 1771 779 1838; x_wconf 86' lang='lat' dir='ltr'><strong>Penthemimere</strong></span> <span class='ocrx_word' id='word_1_103' title='bbox 806 1770 1092 1835; x_wconf 90' lang='lat' dir='ltr'><strong>Iambica</strong></span> <span class='ocrx_word' id='word_1_104' title='bbox 1123 1780 1186 1833; x_wconf 89' lang='lat' dir='ltr'><strong>et</strong></span> <span class='ocrx_word' id='word_1_105' title='bbox 1229 1769 1367 1833; x_wconf 89' lang='lat' dir='ltr'><strong>basi</strong></span> <span class='ocrx_word' id='word_1_106' title='bbox 1415 1767 1749 1855; x_wconf 87' lang='lat' dir='ltr'><strong>dactylica.</strong></span> <span class='ocrx_word' id='word_1_107' title='bbox 1801 1768 2024 1834; x_wconf 88' lang='lat' dir='ltr'><strong>Prima</strong></span> <span class='ocrx_word' id='word_1_108' title='bbox 2053 1770 2440 1836; x_wconf 83' lang='lat' dir='ltr'><strong>combinatio</strong></span> <span class='ocrx_word' id='word_1_109' title='bbox 2462 1787 2558 1838; x_wconf 88' lang='lat' dir='ltr'><strong>est</strong></span> 
     </span>
     <span class='ocr_line' id='line_1_15' title="bbox 261 1876 2554 1969; baseline -0 -20"><span class='ocrx_word' id='word_1_110' title='bbox 261 1906 371 1949; x_wconf 79' lang='lat' dir='ltr'><strong>sex</strong></span> <span class='ocrx_word' id='word_1_111' title='bbox 399 1895 721 1969; x_wconf 81' lang='lat' dir='ltr'><strong>septemve</strong></span> <span class='ocrx_word' id='word_1_112' title='bbox 750 1895 1131 1967; x_wconf 87' lang='lat' dir='ltr'><strong>temporum.</strong></span> <span class='ocrx_word' id='word_1_113' title='bbox 1196 1878 1365 1944; x_wconf 89' lang='lat' dir='ltr'><strong>Bina</strong></span> <span class='ocrx_word' id='word_1_114' title='bbox 1397 1876 1964 1966; x_wconf 78' lang='lat' dir='ltr'><strong>Hendecasyllaba</strong></span> <span class='ocrx_word' id='word_1_115' title='bbox 1981 1878 2244 1946; x_wconf 89' lang='lat' dir='ltr'><strong>ducunt.</strong></span> <span class='ocrx_word' id='word_1_116' title='bbox 2300 1879 2554 1949; x_wconf 86' lang='lat' dir='ltr'><strong>Ennee-</strong></span> 
     </span>
     <span class='ocr_line' id='line_1_16' title="bbox 255 1994 1182 2081; baseline -0.005 -19"><span class='ocrx_word' id='word_1_117' title='bbox 255 1997 537 2063; x_wconf 86' lang='lat' dir='ltr'><strong>mimeris</strong></span> <span class='ocrx_word' id='word_1_118' title='bbox 571 1995 858 2060; x_wconf 89' lang='lat' dir='ltr'><strong>Iambica</strong></span> <span class='ocrx_word' id='word_1_119' title='bbox 881 1994 1182 2081; x_wconf 78' lang='lat' dir='ltr'><strong>sequitur.</strong></span> 
     </span>
    </p>

    <p class='ocr_par' dir='ltr' id='par_1_7' title="bbox 248 2103 2557 2308">
     <span class='ocr_line' id='line_1_17' title="bbox 346 2103 2557 2194; baseline 0 -23"><span class='ocrx_word' id='word_1_120' title='bbox 346 2117 446 2174; x_wconf 82' lang='lat'><strong>15.</strong></span> <span class='ocrx_word' id='word_1_121' title='bbox 495 2106 807 2170; x_wconf 84' lang='lat' dir='ltr'><strong>Alcaicum</strong></span> <span class='ocrx_word' id='word_1_122' title='bbox 840 2104 1305 2190; x_wconf 71' lang='lat' dir='ltr'><strong>Decasyllabum</strong></span> <span class='ocrx_word' id='word_1_123' title='bbox 1338 2105 1512 2194; x_wconf 86' lang='lat' dir='ltr'>cogit</span> <span class='ocrx_word' id='word_1_124' title='bbox 1535 2125 1788 2193; x_wconf 87' lang='lat' dir='ltr'><strong>agmen.</strong></span> <span class='ocrx_word' id='word_1_125' title='bbox 1837 2103 2033 2170; x_wconf 87' lang='lat' dir='ltr'><strong>Hanc</strong></span> <span class='ocrx_word' id='word_1_126' title='bbox 2063 2104 2361 2171; x_wconf 83' lang='lat' dir='ltr'><strong>carminis</strong></span> <span class='ocrx_word' id='word_1_127' title='bbox 2384 2128 2557 2171; x_wconf 89' lang='lat' dir='ltr'><strong>com-</strong></span> 
     </span>
     <span class='ocr_line' id='line_1_18' title="bbox 248 2216 1705 2308; baseline -0.003 -21"><span class='ocrx_word' id='word_1_128' title='bbox 248 2221 625 2308; x_wconf 82' lang='lat' dir='ltr'><strong>plexionem</strong></span> <span class='ocrx_word' id='word_1_129' title='bbox 664 2216 1033 2283; x_wconf 83' lang='lat' dir='ltr'><strong>Horatius‘</strong></span> <span class='ocrx_word' id='word_1_130' title='bbox 1015 2218 1329 2303; x_wconf 73' lang='lat' dir='ltr'><strong>imprimis</strong></span> <span class='ocrx_word' id='word_1_131' title='bbox 1358 2217 1705 2284; x_wconf 83' lang='lat' dir='ltr'><strong>celebravit</strong></span> 
     </span>
    </p>
   </div>
   <div class='ocr_carea' id='block_1_5' title="bbox 249 2331 2573 4299">
    <p class='ocr_par' dir='ltr' id='par_1_8' title="bbox 251 2331 2559 2970">
     <span class='ocr_line' id='line_1_19' title="bbox 348 2331 2557 2415; baseline -0 -16"><span class='ocrx_word' id='word_1_132' title='bbox 348 2336 450 2401; x_wconf 90' lang='lat'><strong>16.</strong></span> <span class='ocrx_word' id='word_1_133' title='bbox 486 2334 864 2399; x_wconf 74' lang='lat' dir='ltr'><strong>Phalaecium</strong></span> <span class='ocrx_word' id='word_1_134' title='bbox 885 2331 1364 2415; x_wconf 60' lang='lat' dir='ltr'><strong>Autispasticum</strong></span> <span class='ocrx_word' id='word_1_135' title='bbox 1394 2332 1854 2395; x_wconf 82' lang='lat' dir='ltr'><strong>Tetrametrum.</strong></span> <span class='ocrx_word' id='word_1_136' title='bbox 1949 2331 2143 2398; x_wconf 84' lang='lat' dir='ltr'><strong>Ratio</strong></span> <span class='ocrx_word' id='word_1_137' title='bbox 2166 2354 2280 2399; x_wconf 91' lang='lat' dir='ltr'><strong>cur</strong></span> <span class='ocrx_word' id='word_1_138' title='bbox 2299 2333 2421 2401; x_wconf 84' lang='lat' dir='ltr'><strong>hoc</strong></span> <span class='ocrx_word' id='word_1_139' title='bbox 2440 2356 2557 2398; x_wconf 91' lang='lat' dir='ltr'><strong>no-</strong></span> 
     </span>
     <span class='ocr_line' id='line_1_20' title="bbox 251 2438 2559 2544; baseline -0 -33"><span class='ocrx_word' id='word_1_140' title='bbox 251 2445 429 2511; x_wconf 84' lang='lat' dir='ltr'><strong>mine</strong></span> <span class='ocrx_word' id='word_1_141' title='bbox 457 2443 843 2533; x_wconf 76' lang='lat' dir='ltr'><strong>insigniatur</strong></span> <span class='ocrx_word' id='word_1_142' title='bbox 872 2453 969 2509; x_wconf 86' lang='lat' dir='ltr'><strong>cst</strong></span> <span class='ocrx_word' id='word_1_143' title='bbox 996 2463 1078 2508; x_wconf 82' lang='lat' dir='ltr'><strong>ex</strong></span> <span class='ocrx_word' id='word_1_144' title='bbox 1112 2439 1400 2508; x_wconf 85' lang='lat' dir='ltr'><strong>Canone.</strong></span> <span class='ocrx_word' id='word_1_145' title='bbox 1492 2438 1810 2529; x_wconf 87' lang='lat' dir='ltr'><strong>Epitritus</strong></span> <span class='ocrx_word' id='word_1_146' title='bbox 1841 2450 1904 2507; x_wconf 81' lang='lat'><strong>4.</strong></span> <span class='ocrx_word' id='word_1_147' title='bbox 1938 2441 2290 2544; x_wconf 83' lang='lat' dir='ltr'><strong>Autispast.</strong></span> <span class='ocrx_word' id='word_1_148' title='bbox 2335 2444 2559 2510; x_wconf 85' lang='lat' dir='ltr'><strong>Antis-</strong></span> 
     </span>
     <span class='ocr_line' id='line_1_21' title="bbox 252 2539 2558 2643; baseline -0 -21"><span class='ocrx_word' id='word_1_149' title='bbox 252 2571 419 2643; x_wconf 85' lang='lat' dir='ltr'><strong>past.</strong></span> <span class='ocrx_word' id='word_1_150' title='bbox 453 2553 816 2621; x_wconf 80' lang='lat' dir='ltr'><strong>Diiambus.</strong></span> <span class='ocrx_word' id='word_1_151' title='bbox 901 2552 1041 2622; x_wconf 84' lang='lat' dir='ltr'><strong>Nos</strong></span> <span class='ocrx_word' id='word_1_152' title='bbox 1069 2566 1281 2618; x_wconf 86' lang='lat' dir='ltr'><strong>autem</strong></span> <span class='ocrx_word' id='word_1_153' title='bbox 1312 2552 1379 2617; x_wconf 90' lang='lat' dir='ltr'><strong>id</strong></span> <span class='ocrx_word' id='word_1_154' title='bbox 1411 2552 1660 2641; x_wconf 80' lang='lat' dir='ltr'><strong>agimus</strong></span> <span class='ocrx_word' id='word_1_155' title='bbox 1693 2565 1784 2631; x_wconf 86' lang='lat' dir='ltr'><strong>ut,</strong></span> <span class='ocrx_word' id='word_1_156' title='bbox 1817 2539 1991 2639; x_wconf 86' lang='lat' dir='ltr'><strong>quod</strong></span> <span class='ocrx_word' id='word_1_157' title='bbox 2024 2549 2164 2618; x_wconf 85' lang='lat' dir='ltr'><strong>fieri</strong></span> <span class='ocrx_word' id='word_1_158' title='bbox 2194 2567 2427 2640; x_wconf 88' lang='lat' dir='ltr'><strong>potest,</strong></span> <span class='ocrx_word' id='word_1_159' title='bbox 2458 2556 2558 2621; x_wconf 87' lang='lat' dir='ltr'><strong>in-</strong></span> 
     </span>
     <span class='ocr_line' id='line_1_22' title="bbox 255 2662 2558 2753; baseline -0.001 -19"><span class='ocrx_word' id='word_1_160' title='bbox 255 2684 358 2735; x_wconf 87' lang='lat' dir='ltr'><strong>tra</strong></span> <span class='ocrx_word' id='word_1_161' title='bbox 387 2665 753 2753; x_wconf 75' lang='lat' dir='ltr'><strong>trisyllabos</strong></span> <span class='ocrx_word' id='word_1_162' title='bbox 783 2664 979 2749; x_wconf 83' lang='lat' dir='ltr'><strong>pedes</strong></span> <span class='ocrx_word' id='word_1_163' title='bbox 1007 2662 1457 2738; x_wconf 80' lang='lat' dir='ltr'><strong>subsistamus3</strong></span> <span class='ocrx_word' id='word_1_164' title='bbox 1513 2683 1712 2748; x_wconf 87' lang='lat' dir='ltr'><strong>quare</strong></span> <span class='ocrx_word' id='word_1_165' title='bbox 1765 2683 1992 2727; x_wconf 80' lang='lat' dir='ltr'><strong>versum</strong></span> <span class='ocrx_word' id='word_1_166' title='bbox 2035 2665 2558 2752; x_wconf 57' lang='lat' dir='ltr'><strong>beccaedecaqylla-</strong></span> 
     </span>
     <span class='ocr_line' id='line_1_23' title="bbox 255 2771 2557 2863; baseline 0 -22"><span class='ocrx_word' id='word_1_167' title='bbox 255 2779 391 2841; x_wconf 78' lang='lat' dir='ltr'><strong>bum</strong></span> <span class='ocrx_word' id='word_1_168' title='bbox 421 2798 538 2863; x_wconf 84' lang='lat' dir='ltr'><strong>per</strong></span> <span class='ocrx_word' id='word_1_169' title='bbox 563 2775 727 2840; x_wconf 86' lang='lat' dir='ltr'><strong>duas</strong></span> <span class='ocrx_word' id='word_1_170' title='bbox 757 2772 1053 2839; x_wconf 84' lang='lat' dir='ltr'><strong>Caesuras</strong></span> <span class='ocrx_word' id='word_1_171' title='bbox 1098 2771 1615 2838; x_wconf 84' lang='lat' dir='ltr'><strong>Penthemimere</strong></span> <span class='ocrx_word' id='word_1_172' title='bbox 1653 2786 1717 2838; x_wconf 89' lang='lat' dir='ltr'><strong>et</strong></span> <span class='ocrx_word' id='word_1_173' title='bbox 1757 2771 2176 2839; x_wconf 87' lang='lat' dir='ltr'><strong>Triemimere</strong></span> <span class='ocrx_word' id='word_1_174' title='bbox 2216 2776 2557 2861; x_wconf 81' lang='lat' dir='ltr'><strong>carpimus,</strong></span> 
     </span>
     <span class='ocr_line' id='line_1_24' title="bbox 258 2881 2559 2970; baseline 0 -18"><span class='ocrx_word' id='word_1_175' title='bbox 258 2887 550 2952; x_wconf 90' lang='lat' dir='ltr'><strong>donecin</strong></span> <span class='ocrx_word' id='word_1_176' title='bbox 576 2884 775 2950; x_wconf 87' lang='lat' dir='ltr'><strong>Basin</strong></span> <span class='ocrx_word' id='word_1_177' title='bbox 800 2883 1202 2970; x_wconf 85' lang='lat' dir='ltr'><strong>Dactylicam</strong></span> <span class='ocrx_word' id='word_1_178' title='bbox 1228 2882 1606 2969; x_wconf 85' lang='lat' dir='ltr'><strong>deponatur.</strong></span> <span class='ocrx_word' id='word_1_179' title='bbox 1640 2883 1789 2950; x_wconf 91' lang='lat' dir='ltr'><strong>Lib.</strong></span> <span class='ocrx_word' id='word_1_180' title='bbox 1819 2882 2015 2950; x_wconf 68' lang='lat' dir='ltr'><strong>Lod.</strong></span> <span class='ocrx_word' id='word_1_181' title='bbox 2042 2893 2136 2949; x_wconf 85' lang='lat'><strong>11.</strong></span> <span class='ocrx_word' id='word_1_182' title='bbox 2163 2884 2241 2950; x_wconf 94' lang='lat' dir='ltr'><strong>L.</strong></span> <span class='ocrx_word' id='word_1_183' title='bbox 2262 2892 2325 2950; x_wconf 81' lang='lat'><strong>4.</strong></span> <span class='ocrx_word' id='word_1_184' title='bbox 2346 2881 2431 2952; x_wconf 89' lang='lat' dir='ltr'><strong>O.</strong></span> <span class='ocrx_word' id='word_1_185' title='bbox 2457 2894 2559 2952; x_wconf 92' lang='grc'><strong>10.</strong></span> 
     </span>
    </p>

    <p class='ocr_par' dir='ltr' id='par_1_9' title="bbox 249 2993 2563 3509">
     <span class='ocr_line' id='line_1_25' title="bbox 357 2993 2558 3083; baseline 0 -23"><span class='ocrx_word' id='word_1_186' title='bbox 357 3003 458 3066; x_wconf 83' lang='grc'><strong>17.</strong></span> <span class='ocrx_word' id='word_1_187' title='bbox 524 2995 838 3060; x_wconf 79' lang='lat' dir='ltr'><strong>Alcaicum</strong></span> <span class='ocrx_word' id='word_1_188' title='bbox 895 2993 999 3059; x_wconf 84' lang='lat' dir='ltr'><strong>vel</strong></span> <span class='ocrx_word' id='word_1_189' title='bbox 1058 2993 1564 3059; x_wconf 87' lang='lat' dir='ltr'><strong>Anacreontium</strong></span> <span class='ocrx_word' id='word_1_190' title='bbox 1626 2996 1975 3059; x_wconf 82' lang='lat' dir='ltr'><strong>Dimetrum</strong></span> <span class='ocrx_word' id='word_1_191' title='bbox 2027 2995 2558 3083; x_wconf 48' lang='lat' dir='ltr'><strong>Heptaqllabmn.</strong></span> 
     </span>
     <span class='ocr_line' id='line_1_26' title="bbox 264 3102 2558 3193; baseline -0 -22"><span class='ocrx_word' id='word_1_192' title='bbox 264 3106 721 3193; x_wconf 85' lang='lat' dir='ltr'><strong>Quodcunque</strong></span> <span class='ocrx_word' id='word_1_193' title='bbox 755 3116 1032 3170; x_wconf 86' lang='lat' dir='ltr'><strong>metrum</strong></span> <span class='ocrx_word' id='word_1_194' title='bbox 1065 3117 1319 3169; x_wconf 86' lang='lat' dir='ltr'><strong>constat</strong></span> <span class='ocrx_word' id='word_1_195' title='bbox 1347 3125 1429 3168; x_wconf 85' lang='lat' dir='ltr'><strong>ex</strong></span> <span class='ocrx_word' id='word_1_196' title='bbox 1478 3103 1774 3191; x_wconf 89' lang='lat' dir='ltr'><strong>Dactylis</strong></span> <span class='ocrx_word' id='word_1_197' title='bbox 1828 3116 1894 3168; x_wconf 87' lang='lat' dir='ltr'><strong>et</strong></span> <span class='ocrx_word' id='word_1_198' title='bbox 1938 3102 2293 3185; x_wconf 85' lang='lat' dir='ltr'><strong>Trochaeis,</strong></span> <span class='ocrx_word' id='word_1_199' title='bbox 2346 3108 2558 3191; x_wconf 86' lang='lat' dir='ltr'><strong>Loga-</strong></span> 
     </span>
     <span class='ocr_line' id='line_1_27' title="bbox 256 3211 2562 3300; baseline -0.002 -15"><span class='ocrx_word' id='word_1_200' title='bbox 256 3220 530 3297; x_wconf 82' lang='lat' dir='ltr'><strong>oedicon,</strong></span> <span class='ocrx_word' id='word_1_201' title='bbox 563 3218 626 3282; x_wconf 87' lang='lat' dir='ltr'><strong>id</strong></span> <span class='ocrx_word' id='word_1_202' title='bbox 656 3229 755 3283; x_wconf 89' lang='lat' dir='ltr'><strong>est</strong></span> <span class='ocrx_word' id='word_1_203' title='bbox 773 3219 1218 3282; x_wconf 81' lang='lat' dir='ltr'><strong>Prosometrum</strong></span> <span class='ocrx_word' id='word_1_204' title='bbox 1245 3213 1642 3300; x_wconf 59' lang='lat' dir='ltr'><strong>appellatum</strong></span> <span class='ocrx_word' id='word_1_205' title='bbox 1689 3235 1765 3277; x_wconf 90' lang='lat' dir='ltr'><strong>eo</strong></span> <span class='ocrx_word' id='word_1_206' title='bbox 1788 3211 2068 3278; x_wconf 87' lang='lat' dir='ltr'><strong>fortassis</strong></span> <span class='ocrx_word' id='word_1_207' title='bbox 2091 3215 2263 3300; x_wconf 92' lang='lat' dir='ltr'><strong>quod</strong></span> <span class='ocrx_word' id='word_1_208' title='bbox 2296 3217 2562 3281; x_wconf 83' lang='lat' dir='ltr'><strong>Asiatici</strong></span> 
     </span>
     <span class='ocr_line' id='line_1_28' title="bbox 255 3323 2563 3400; baseline -0.003 0"><span class='ocrx_word' id='word_1_209' title='bbox 255 3334 581 3400; x_wconf 82' lang='lat' dir='ltr'><strong>Oratores</strong></span> <span class='ocrx_word' id='word_1_210' title='bbox 611 3329 831 3394; x_wconf 89' lang='lat' dir='ltr'><strong>orbem</strong></span> <span class='ocrx_word' id='word_1_211' title='bbox 871 3326 1210 3392; x_wconf 80' lang='lat' dir='ltr'><strong>verborum</strong></span> <span class='ocrx_word' id='word_1_212' title='bbox 1243 3323 1597 3390; x_wconf 88' lang='lat' dir='ltr'><strong>ditrochaeo</strong></span> <span class='ocrx_word' id='word_1_213' title='bbox 1628 3324 1904 3389; x_wconf 85' lang='lat' dir='ltr'><strong>libenter</strong></span> <span class='ocrx_word' id='word_1_214' title='bbox 1945 3323 2359 3391; x_wconf 87' lang='lat' dir='ltr'><strong>claudebant.</strong></span> <span class='ocrx_word' id='word_1_215' title='bbox 2406 3324 2563 3392; x_wconf 87' lang='lat' dir='ltr'><strong>alias</strong></span> 
     </span>
     <span class='ocr_line' id='line_1_29' title="bbox 249 3433 1784 3509; baseline -0.007 0"><span class='ocrx_word' id='word_1_216' title='bbox 249 3464 348 3509; x_wconf 79' lang='lat' dir='ltr'><strong>ex</strong></span> <span class='ocrx_word' id='word_1_217' title='bbox 389 3440 785 3507; x_wconf 89' lang='lat' dir='ltr'><strong>Choriambo</strong></span> <span class='ocrx_word' id='word_1_218' title='bbox 814 3452 878 3504; x_wconf 90' lang='lat' dir='ltr'><strong>et</strong></span> <span class='ocrx_word' id='word_1_219' title='bbox 910 3436 1209 3502; x_wconf 86' lang='lat' dir='ltr'><strong>Bacchio.</strong></span> <span class='ocrx_word' id='word_1_220' title='bbox 1302 3436 1448 3503; x_wconf 89' lang='lat' dir='ltr'><strong>Lib.</strong></span> <span class='ocrx_word' id='word_1_221' title='bbox 1508 3447 1558 3500; x_wconf 94' lang='lat'><strong>1.</strong></span> <span class='ocrx_word' id='word_1_222' title='bbox 1608 3433 1692 3500; x_wconf 93' lang='lat' dir='ltr'><strong>O.</strong></span> <span class='ocrx_word' id='word_1_223' title='bbox 1724 3444 1784 3500; x_wconf 88' lang='lat'><strong>8.</strong></span> 
     </span>
    </p>

    <p class='ocr_par' dir='ltr' id='par_1_10' title="bbox 252 3544 2570 4077">
     <span class='ocr_line' id='line_1_30' title="bbox 364 3544 2564 3635; baseline -0.003 -17"><span class='ocrx_word' id='word_1_224' title='bbox 364 3560 464 3617; x_wconf 89' lang='grc'><strong>18.</strong></span> <span class='ocrx_word' id='word_1_225' title='bbox 508 3551 878 3635; x_wconf 72' lang='lat' dir='ltr'><strong>sapphicum</strong></span> <span class='ocrx_word' id='word_1_226' title='bbox 906 3547 1468 3632; x_wconf 73' lang='lat' dir='ltr'><strong>Hephthemimeres</strong></span> <span class='ocrx_word' id='word_1_227' title='bbox 1515 3567 1659 3612; x_wconf 90' lang='lat' dir='ltr'><strong>cum</strong></span> <span class='ocrx_word' id='word_1_228' title='bbox 1703 3544 2102 3631; x_wconf 82' lang='lat' dir='ltr'><strong>supraposito</strong></span> <span class='ocrx_word' id='word_1_229' title='bbox 2133 3545 2386 3610; x_wconf 82' lang='lat' dir='ltr'><strong>Alcaico</strong></span> <span class='ocrx_word' id='word_1_230' title='bbox 2436 3547 2564 3611; x_wconf 76' lang='lat' dir='ltr'><strong>Di-</strong></span> 
     </span>
     <span class='ocr_line' id='line_1_31' title="bbox 252 3654 2565 3745; baseline -0.004 -15"><span class='ocrx_word' id='word_1_231' title='bbox 252 3673 481 3731; x_wconf 74' lang='lat' dir='ltr'><strong>metm.</strong></span> <span class='ocrx_word' id='word_1_232' title='bbox 573 3658 883 3745; x_wconf 85' lang='lat' dir='ltr'><strong>Superior</strong></span> <span class='ocrx_word' id='word_1_233' title='bbox 909 3679 1126 3723; x_wconf 85' lang='lat' dir='ltr'><strong>versus</strong></span> <span class='ocrx_word' id='word_1_234' title='bbox 1167 3678 1316 3721; x_wconf 88' lang='lat' dir='ltr'><strong>cum</strong></span> <span class='ocrx_word' id='word_1_235' title='bbox 1360 3656 1484 3721; x_wconf 90' lang='lat' dir='ltr'><strong>hoc</strong></span> <span class='ocrx_word' id='word_1_236' title='bbox 1528 3655 1619 3720; x_wconf 89' lang='lat' dir='ltr'><strong>sic</strong></span> <span class='ocrx_word' id='word_1_237' title='bbox 1667 3655 2079 3742; x_wconf 85' lang='lat' dir='ltr'><strong>conjungitur</strong></span> <span class='ocrx_word' id='word_1_238' title='bbox 2129 3654 2301 3741; x_wconf 90' lang='lat' dir='ltr'><strong>apud</strong></span> <span class='ocrx_word' id='word_1_239' title='bbox 2346 3654 2565 3721; x_wconf 90' lang='lat' dir='ltr'><strong>Hora·</strong></span> 
     </span>
     <span class='ocr_line' id='line_1_32' title="bbox 252 3763 2565 3852; baseline -0.005 -12"><span class='ocrx_word' id='word_1_240' title='bbox 252 3775 452 3841; x_wconf 82' lang='lat' dir='ltr'><strong>tium.</strong></span> <span class='ocrx_word' id='word_1_241' title='bbox 543 3769 780 3835; x_wconf 82' lang='lat' dir='ltr'><strong>Verior</strong></span> <span class='ocrx_word' id='word_1_242' title='bbox 813 3766 1118 3833; x_wconf 86' lang='lat' dir='ltr'><strong>metiendi</strong></span> <span class='ocrx_word' id='word_1_243' title='bbox 1155 3766 1320 3832; x_wconf 87' lang='lat' dir='ltr'><strong>ratio</strong></span> <span class='ocrx_word' id='word_1_244' title='bbox 1371 3779 1465 3833; x_wconf 83' lang='lat' dir='ltr'><strong>est</strong></span> <span class='ocrx_word' id='word_1_245' title='bbox 1507 3787 1625 3852; x_wconf 89' lang='lat' dir='ltr'><strong>per</strong></span> <span class='ocrx_word' id='word_1_246' title='bbox 1667 3764 2037 3851; x_wconf 88' lang='lat' dir='ltr'><strong>Epitritum‚</strong></span> <span class='ocrx_word' id='word_1_247' title='bbox 2093 3763 2192 3828; x_wconf 83' lang='lat' dir='ltr'><strong>vel</strong></span> <span class='ocrx_word' id='word_1_248' title='bbox 2242 3763 2565 3850; x_wconf 86' lang='lat' dir='ltr'><strong>Hippium</strong></span> 
     </span>
     <span class='ocr_line' id='line_1_33' title="bbox 255 3874 2570 3948; baseline -0.004 -1"><span class='ocrx_word' id='word_1_249' title='bbox 255 3879 622 3948; x_wconf 78' lang='lat' dir='ltr'><strong>secuudum</strong></span> <span class='ocrx_word' id='word_1_250' title='bbox 654 3877 821 3944; x_wconf 83' lang='lat' dir='ltr'><strong>duos</strong></span> <span class='ocrx_word' id='word_1_251' title='bbox 854 3876 1277 3943; x_wconf 84' lang='lat' dir='ltr'><strong>Choriambos</strong></span> <span class='ocrx_word' id='word_1_252' title='bbox 1323 3889 1388 3943; x_wconf 89' lang='lat' dir='ltr'><strong>et</strong></span> <span class='ocrx_word' id='word_1_253' title='bbox 1432 3875 1807 3942; x_wconf 85' lang='lat' dir='ltr'><strong>Bacchium.</strong></span> <span class='ocrx_word' id='word_1_254' title='bbox 1895 3874 2211 3939; x_wconf 79' lang='lat' dir='ltr'><strong>Alcaieum</strong></span> <span class='ocrx_word' id='word_1_255' title='bbox 2256 3874 2570 3940; x_wconf 72' lang='lat' dir='ltr'><strong>Pemecae-</strong></span> 
     </span>
     <span class='ocr_line' id='line_1_34' title="bbox 257 3985 1481 4077; baseline -0.007 -20"><span class='ocrx_word' id='word_1_256' title='bbox 257 3989 713 4077; x_wconf 71' lang='lat' dir='ltr'><strong>decasyllabum</strong></span> <span class='ocrx_word' id='word_1_257' title='bbox 744 3988 1001 4053; x_wconf 86' lang='lat' dir='ltr'><strong>dicitur.</strong></span> <span class='ocrx_word' id='word_1_258' title='bbox 1090 3987 1172 4051; x_wconf 93' lang='lat' dir='ltr'><strong>L.</strong></span> <span class='ocrx_word' id='word_1_259' title='bbox 1212 3998 1266 4052; x_wconf 88' lang='lat'><strong>1.</strong></span> <span class='ocrx_word' id='word_1_260' title='bbox 1299 3985 1384 4052; x_wconf 93' lang='lat' dir='ltr'><strong>O.</strong></span> <span class='ocrx_word' id='word_1_261' title='bbox 1417 3994 1481 4050; x_wconf 91' lang='lat'><strong>8.</strong></span> 
     </span>
    </p>

    <p class='ocr_par' dir='ltr' id='par_1_11' title="bbox 269 4090 2573 4299">
     <span class='ocr_line' id='line_1_35' title="bbox 366 4090 2573 4181; baseline -0.005 -15"><span class='ocrx_word' id='word_1_262' title='bbox 366 4110 468 4175; x_wconf 87' lang='grc'><strong>19.</strong></span> <span class='ocrx_word' id='word_1_263' title='bbox 511 4100 787 4166; x_wconf 75' lang='lat' dir='ltr'><em>Ionicum</em></span> <span class='ocrx_word' id='word_1_264' title='bbox 816 4121 859 4162; x_wconf 88' lang='lat' dir='ltr'><strong>a</strong></span> <span class='ocrx_word' id='word_1_265' title='bbox 889 4097 1114 4162; x_wconf 81' lang='lat' dir='ltr'><strong>minori</strong></span> <span class='ocrx_word' id='word_1_266' title='bbox 1160 4097 1644 4181; x_wconf 64' lang='lat' dir='ltr'><strong>Trivrhythmum</strong></span> <span class='ocrx_word' id='word_1_267' title='bbox 1710 4094 2120 4159; x_wconf 83' lang='lat' dir='ltr'><strong>Acatalectum</strong></span> <span class='ocrx_word' id='word_1_268' title='bbox 2137 4126 2162 4165; x_wconf 88' lang='lat'><strong>,·</strong></span> <span class='ocrx_word' id='word_1_269' title='bbox 2210 4091 2378 4160; x_wconf 88' lang='lat' dir='ltr'><strong>binis</strong></span> <span class='ocrx_word' id='word_1_270' title='bbox 2425 4090 2573 4158; x_wconf 87' lang='lat' dir='ltr'><strong>trir-</strong></span> 
     </span>
     <span class='ocr_line' id='line_1_36' title="bbox 269 4202 2163 4299; baseline -0.005 -23"><span class='ocrx_word' id='word_1_271' title='bbox 269 4211 590 4299; x_wconf 81' lang='lat' dir='ltr'><strong>rhytbmis</strong></span> <span class='ocrx_word' id='word_1_272' title='bbox 620 4208 1027 4296; x_wconf 85' lang='lat' dir='ltr'><strong>subjungitur</strong></span> <span class='ocrx_word' id='word_1_273' title='bbox 1055 4204 1644 4295; x_wconf 75' lang='lat' dir='ltr'><strong>tetrarrhythmum.</strong></span> <span class='ocrx_word' id='word_1_274' title='bbox 1736 4202 1817 4269; x_wconf 94' lang='lat' dir='ltr'><strong>L.</strong></span> <span class='ocrx_word' id='word_1_275' title='bbox 1848 4212 1911 4271; x_wconf 80' lang='lat'><strong>8.</strong></span> <span class='ocrx_word' id='word_1_276' title='bbox 1944 4203 2028 4269; x_wconf 91' lang='lat' dir='ltr'><strong>O.</strong></span> <span class='ocrx_word' id='word_1_277' title='bbox 2071 4211 2163 4268; x_wconf 79' lang='lat'><strong>12.</strong></span> 
     </span>
    </p>
   </div>
  </div>
 </body>
</html>
