3000 4979
1505 326 1655 394 588

407 540 662 627 postea
712 523 973 625 polivit
1025 522 1301 597 Daniel
1346 522 1665 595 Avemcm
1712 521 2359 625 Brunopolitanus.
2466 532 2723 621 Quum

405 653 606 726 enim
643 650 1023 738 TreteruS,
1056 658 1140 721 ut
1177 646 1304 745 qui
1332 645 1722 748 scripserat
1755 646 1926 744 sibi,
1958 672 2108 724 non
2135 649 2296 726 aliis
2321 678 2497 729 usus
2522 674 2725 734 esset

404 774 757 863 numeriS,
808 796 1025 870 quam
1064 770 1503 868 paginarum
1540 770 1652 844 sui
1688 771 2155 872 exemplaris,
2187 801 2574 875 aggressus
2609 792 2728 856 est

407 903 730 975 Aveman
778 893 1077 969 maximi
1128 894 1422 982 laboriS,
1458 894 1586 968 sed
1642 892 1934 993 majoris
1968 896 2175 971 taedii
2226 924 2438 999 opuS,
2485 904 2724 978 revol-

407 1020 653 1097 vendo
675 1043 932 1093 omnes
953 1042 1200 1108 voceS,
1223 1042 1403 1117 quas
1414 1017 1768 1094 Treterus
1789 1018 1865 1092 in
1886 1018 2225 1096 Iudicem
2250 1023 2726 1116 retulerat,et

408 1168 754 1219 numeros
785 1144 1217 1240 paginarum
1256 1142 1617 1218 mutando
1652 1144 1727 1216 in
1767 1167 2113 1219 numeros
2145 1144 2532 1239 librorum,
2591 1150 2725 1222 mi-

408 1294 671 1346 norum
696 1258 1248 1367 opusculorum,
1276 1291 1370 1341 ex
1405 1257 1670 1366 quibus
1690 1267 1855 1343 libri
1881 1247 2254 1360 constant,
2281 1281 2504 1369 atque
2527 1270 2725 1346 adeo

406 1397 732 1495 ipsorum
759 1416 1148 1485 versuum3
1188 1392 1414 1492 idque
1452 1407 1602 1468 tam
1638 1392 1984 1468 accurate
2011 1396 2379 1493 praestitit,
2406 1408 2488 1472 ut
2520 1424 2725 1500 saepe

403 1517 729 1596 hominis
788 1514 1250 1613 diligentiam
1305 1516 1574 1592 fuerim
1634 1515 2089 1608 admiratum
2132 1532 2210 1594 et
2264 1521 2724 1600 verissimum

403 1667 562 1721 esse
614 1638 1132 1739 compererim,
1185 1640 1386 1740 quod
1437 1639 1595 1740 ipse
1644 1639 1982 1731 affirmat,
2042 1666 2390 1719 numeros
2439 1671 2721 1722 vocum

401 1768 686 1845 indices
753 1787 1137 1863 nunquam
1195 1762 1476 1854 fallere,
1551 1763 1611 1836 si
1672 1764 2056 1863 exceperis
2116 1764 2365 1841 Odam
2427 1769 2573 1844 XI.
2644 1783 2730 1846 et

401 1889 633 1968 XIII.
669 1889 749 1964 in
782 1887 968 1964 libro
1007 1887 1353 1986 Epodon,
1391 1912 1557 1986 quae
1592 1888 1913 1962 eundem
1941 1911 2286 1965 versuum
2323 1914 2727 1968 numerum

401 2019 479 2094 in
517 2016 860 2094 omnibus
894 2012 1344 2094 editionibus
1396 2037 1547 2088 non
1600 2012 1880 2089 habent
1922 2039 2059 2114 pro
2109 2014 2397 2104 diversa
2436 2017 2734 2093 ratione

402 2137 879 2220 dimensionis
933 2159 1183 2211 earum
1221 2134 1583 2211 Odarum.
1690 2136 2093 2236 Egregiam
2145 2137 2368 2237 plane
2412 2165 2723 2239 operam

399 2296 444 2344 a
479 2265 902 2345 Clarissimo
934 2261 1121 2338 Viro
1177 2259 1765 2336 RICHARDO
1816 2262 2369 2341 BENTLEIO
2400 2267 2480 2341 in
2518 2267 2722 2348 illus-

399 2390 666 2468 trando
703 2388 1025 2465 Horatio
1055 2385 1403 2486 positam,
1438 2411 1668 2486 quum
1707 2386 1999 2463 Fratres
2044 2391 2437 2468 Wemeinii
2470 2390 2732 2467 denuo

399 2517 598 2617 typis
634 2514 1165 2604 describerent,
1213 2512 1451 2589 visum
1484 2511 1633 2587 fuit
1666 2512 1891 2588 etiam
1939 2511 2097 2588 fore
2133 2539 2177 2589 e
2217 2513 2336 2589 Re
2370 2513 2733 2607 literaria,

400 2641 460 2715 si
526 2636 945 2714 Avemanni
1012 2635 1253 2710 ludex
1308 2636 1952 2733 praestantissimus
2005 2634 2315 2715 editioni
2366 2653 2735 2738 praestan-

399 2765 729 2855 tissimae,
780 2774 1132 2861 tanquam
1201 2759 1667 2836 corollarium
1732 2758 1926 2835 ultra
1982 2772 2288 2860 pactum
2348 2760 2737 2856 additum,

401 2888 916 2987 subjiceretur,
992 2883 1263 2960 additis
1333 2885 1556 2959 etiam
1631 2882 1944 2960 Illustris
2004 2883 2168 2959 Viri
2231 2884 2735 2970 Lectionibus

401 3015 649 3103 variis,
685 3024 773 3086 ut
806 3023 885 3085 et
918 3006 1270 3108 praeclara
1297 3005 1459 3081 Viri
1488 3007 1750 3083 merita
1785 3032 1879 3083 eo
1911 3008 2147 3109 magis
2182 3007 2736 3102 elucesceoent,

405 3152 485 3215 et
520 3137 644 3213 Tu
700 3158 852 3209 non
905 3131 1139 3232 possis
1173 3130 1382 3231 queri
1438 3130 1657 3211 aliam
1701 3130 1782 3204 in
1838 3130 2130 3224 Indice,
2177 3131 2398 3208 aliam
2444 3137 2523 3208 in
2563 3137 2735 3235 ipso

407 3261 727 3337 Horatio
766 3256 1207 3332 Lectionem
1260 3255 1616 3331 exhiberi.
1723 3254 1972 3356 Hujus
2004 3257 2112 3332 rei
2148 3281 2403 3332 curam
2443 3284 2537 3333 eo
2576 3284 2733 3333 sus-

407 3386 574 3487 cepi
611 3381 1012 3469 lubentius,
1041 3403 1199 3476 quo
1236 3377 1416 3452 mihi
1451 3402 1736 3478 semper
1760 3390 1938 3459 ante
1964 3382 2214 3454 omnia
2250 3379 2549 3463 dulcius
2584 3383 2730 3457 fuit

407 3508 881 3588 occasionem
951 3501 1131 3574 mihi
1194 3500 1350 3576 dari
1411 3502 1730 3578 navandi
1793 3526 1943 3578 non
2003 3503 2347 3580 inutilem
2406 3504 2733 3580 literatis

400 3656 733 3737 operam.
860 3627 1258 3724 Postquam
1319 3640 1571 3702 autem
1629 3650 1895 3702 manus
1951 3628 2158 3728 operi
2216 3627 2733 3719 admoveram,

402 3758 708 3836 videbar
762 3750 945 3826 mihi
999 3773 1155 3825 non
1209 3748 1405 3841 ⁸male
1460 3750 1853 3827 meriturus
1896 3750 1992 3832 de
2042 3752 2207 3850 ipso
2256 3750 2605 3842 Horatio,
2658 3753 2729 3827 si

403 3896 673 3985 praeter
735 3876 1136 3951 Lectiones
1187 3873 1350 3948 Viri
1405 3873 1858 3965 Reverendi,
1919 3873 2147 3950 etiam
2198 3875 2553 3951 adderem
2609 3901 2730 3965 ea,

402 4030 573 4107 quoe
608 4003 704 4078 ad
741 4000 1146 4075 dictionem
1178 3998 1663 4074 Horatianam
1699 4000 2006 4099 propius
2030 3999 2486 4075 noscendam
2512 4023 2729 4098 egre·

399 4132 524 4232 gie
560 4128 1000 4209 videbantur
1033 4124 1306 4215 facere,
1344 4123 1574 4200 multa
1609 4126 1837 4216 enim,
1872 4149 1969 4201 ex
1995 4124 2272 4201 Graeco
2306 4122 2722 4223 praesertim

402 4260 610 4333 fonte
646 4254 928 4337 hausta,
991 4273 1140 4333 non
1180 4247 1616 4347 legebantur
1650 4249 1726 4323 in
1767 4248 2059 4341 Indice,
2110 4272 2425 4350 quorum
2463 4262 2715 4323 tamen

401 4377 749 4478 splendor
767 4386 854 4449 et
882 4371 1339 4468 majestatem
1365 4372 1576 4447 addit
1601 4372 1777 4459 huic
1804 4374 2124 4451 Auctori
2147 4386 2224 4451 et
2246 4374 2715 4472 dignitatem,
