3000 4979
815 324 1516 398 EPISTOLARUM
1563 324 1719 392 Lm.
1751 322 1845 390 11.
1901 333 1957 389 1.

2445 330 2570 389 521

487 514 662 579 CUM
708 522 804 577 tot
833 508 1145 573 sustineas
1175 521 1241 572 et
1270 517 1449 570 tanta
1478 498 1740 591 negotia
1772 499 1965 575 solue,

500 625 633 689 Res
666 620 860 687 Italas
891 618 1086 683 armis
1115 616 1359 691 tuteris,
1406 613 1695 677 moribus
1726 632 1937 687 orneS,

499 734 787 822 Legibus
822 729 1125 796 emendes
1142 750 1160 804 ;
1206 727 1275 790 in
1304 725 1566 811 publiea
1596 720 1936 788 commoda
1965 739 2245 804 peccem,

504 846 574 910 Si
604 843 803 931 longo
832 861 1127 906 sermone
1160 857 1373 900 morer
1401 849 1513 899 tua
1542 850 1857 918 tempora,
1908 829 2149 894 Caesar.

364 966 408 1020 5
503 952 842 1030 Romulum
890 964 955 1015 et
988 949 1187 1013 Liber
1214 961 1417 1033 pater,
1467 957 1533 1010 et
1561 965 1710 1009 cum
1744 939 2012 1007 Castore
2045 937 2300 1016 Pollux,

500 1062 658 1128 Post
688 1061 976 1149 ingentia
1006 1059 1173 1124 facta
1200 1059 1466 1123 deorum
1505 1057 1570 1120 in
1603 1052 1842 1138 templa
1868 1050 2128 1136 recepti,

497 1173 679 1239 Dum
712 1187 915 1236 terras
947 1169 1406 1253 hominumque
1439 1166 1663 1231 colunt
1690 1184 1915 1251 genus,
1960 1180 2185 1243 aspera
2214 1155 2384 1221 bella

504 1283 947 1367 Componunt,
998 1300 1186 1366 agros
1214 1277 1567 1364 assignant,
1614 1272 1858 1359 oppida
1885 1268 2208 1343 condunt3

511 1393 855 1457 ploravere
885 1390 1019 1455 suis
1051 1412 1183 1453 non
1217 1386 1602 1473 respondere
1631 1385 1915 1448 savorem

339 1513 421 1568 10
514 1505 851 1585 Speratum
877 1502 1139 1566 meritis,
1231 1500 1437 1565 diram
1469 1498 1582 1585 qui
1612 1496 1910 1561 contudit
1943 1491 2266 1579 Hydram,

515 1613 812 1700 Notaque
845 1612 1018 1677 fatali
1051 1624 1349 1697 portenta
1375 1607 1905 1692 laboresubegit,

513 1723 847 1809 Comperit
877 1723 1184 1787 invidiam
1220 1743 1524 1807 supremo
1554 1719 1684 1786 fine
1714 1715 1987 1781 domari.

515 1831 668 1900 Urit
697 1836 868 1901 enim
900 1833 1151 1923 fulgore
1183 1857 1318 1911 suo,
1367 1833 1478 1920 qui
1512 1840 1875 1918 proegravat
1904 1837 2071 1890 artes

258 2036 285 2072 ι
321 2034 545 2070 sustentes
590 2024 698 2079 Can.

864 2037 893 2073 2
927 2026 1092 2072 tuearis
1136 2029 1181 2071 in
1226 2024 1353 2070 libris
1386 2022 1552 2085 aliquot
1582 2029 1688 2067 vett.
1718 2017 1923 2068 Lambin.
2001 2013 2224 2062 moenibus
2255 2010 2409 2075 auspic·
2440 2005 2587 2055 Beati.

315 2086 368 2151 [†
401 2088 500 2142 Sed,
532 2104 599 2136 res
634 2088 764 2136 Italas
797 2091 946 2137 ornari
982 2090 1224 2147 moenibus,
1249 2091 1448 2152 putidum
1468 2105 1554 2134 esse
1579 2099 1621 2132 ee
1649 2103 1728 2132 non
1765 2084 2065 2132 Horatiana·
2093 2081 2350 2142 pronuntiat
2389 2072 2589 2121 Cbishuu

314 2154 381 2200 ad
417 2155 621 2201 Monam.
653 2156 892 2222 Aneyram.
916 2168 972 2220 p.
1005 2155 1113 2219 185·
1143 2159 1188 2202 in
1223 2156 1469 2219 antiquitt.
1499 2149 1680 2220 Asiam]

323 2215 353 2266 8
384 2217 583 2267 formant
611 2220 719 2266 Can.

669 2383 876 2431 EPIST.
941 2385 977 2429 1.

324 2459 348 2495 1
390 2447 496 2495 Cum
529 2460 593 2496 tot
622 2453 862 2505 suminus,-
915 2449 1128 2513 Apparet
1160 2448 1269 2494 bunc
1309 2447 1394 2495 Li-

253 2513 376 2561 brun
399 2514 577 2560 hortatu
603 2515 789 2561 Caesaris
809 2517 1020 2578 scriptum
1049 2533 1153 2570 esse,
1182 2517 1298 2578 cujus
1331 2515 1397 2560 rer‘

256 2581 391 2625 etian-
415 2576 634 2625 Suetonius
655 2589 804 2626 auctu
824 2593 903 2626 est.
949 2579 1063 2626 Vet.
1085 2578 1237 2626 Schol.
1256 2579 1305 2625 in
1327 2578 1398 2623 vi-

256 2655 309 2690 ta
330 2644 500 2689 scilicet
526 2643 728 2690 Horatii.

330 2708 551 2755 Sustineas
593 2718 653 2754 tor
695 2713 893 2774 negoe1'c13
945 2719 1015 2756 tot
1066 2723 1253 2755 munera
1307 2706 1398 2753 im-

256 2772 406 2837 pleas:
444 2789 550 2821 cum
577 2789 665 2823 uua
690 2789 877 2835 persona
900 2787 969 2822 tot
991 2789 1207 2835 personas¹
1226 2787 1365 2832 geras.

330 2835 444 2885 Solus
454 2858 471 2891 ,·
524 2850 610 2902 per
648 2849 818 2902 partes,
860 2851 905 2886 ut
944 2844 1010 2885 ait
1052 2838 1394 2885 Jmisconsulms

266 2903 537 2968 Pomponius,
567 2922 611 2950 eo
639 2906 744 2967 jan
782 2919 956 2951 ventum
1001 2914 1115 2959 erat,
1158 2914 1206 2949 ut
1242 2919 1398 2950 necesse

261 2982 376 3019 esset·
397 2968 658 3037 Reipuble‘cae
684 2979 767 3031 per
799 2989 926 3016 unum
957 2971 1129 3021 consuli.
1191 2968 1397 3014 Torren-

263 3036 372 3083 tius.
392 3034 451 3101 ,3⁶
495 3033 619 3081 Nam
640 3047 805 3095 praeter
828 3033 1091 3091 dignitatem
1116 3032 1398 3080 consularem

264 3109 418 3161 postea
435 3098 570 3144 etiam
585 3111 811 3160 receperat
829 3111 1095 3160 potestatem
1115 3098 1399 3144 tribunitiam

264 3175 549 3229 perpetuam,
578 3163 687 3212 item
722 3178 905 3211 morum
933 3164 1173 3225 legumque
1199 3162 1400 3220 regimen

270 3243 401 3288 oeque
424 3239 706 3289 perpetuum.
748 3229 937 3276 Sueton.
954 3230 1121 3276 Octav.
1140 3240 1217 3286 27.
1241 3239 1286 3275 et
1302 3227 1404 3273 Ta-

265 3292 349 3345 cit.
372 3292 538 3337 Annal.
560 3294 595 3340 1.
618 3305 664 3343 2.
696 3295 759 3340 Ζ.

339 3369 370 3407 2
401 3356 635 3405 Moribus:
668 3360 773 3406 vitae
796 3370 890 3406 tuae
912 3357 1118 3421 puritate.
1152 3358 1205 3404 B.
1258 3356 1321 3403 Et
1336 3355 1404 3401 le-

263 3437 377 3484 gum
402 3421 563 3480 tutela,
595 3424 714 3471 unde
743 3425 811 3481 fit,
841 3435 893 3471 ut
915 3424 1002 3470 illae
1026 3423 1073 3469 in
1096 3438 1242 3470 mores
1263 3434 1402 3469 trans-

269 3499 392 3536 eant.
458 3487 598 3536 Conf.
620 3488 729 3536 Car.
750 3504 798 3548 4.
819 3502 866 3549 5.
891 3501 969 3538 22.
1000 3491 1062 3535 G.

336 3567 366 3615 3
400 3554 606 3618 Legibus,
638 3554 756 3601 inter
798 3567 979 3602 caeteras
1023 3555 1146 3614 Lege
1185 3551 1309 3617 Julia
1353 3551 1407 3597 de

275 3618 549 3677 Adulteriis,
579 3632 713 3681 atque
737 3620 875 3669 altera
897 3620 951 3666 de
975 3619 1245 3666 Maritandis
1268 3617 1409 3666 Ordi-

274 3685 421 3733 nibus.
458 3685 515 3732 Β.
581 3685 661 3733 cf.
680 3687 868 3733 Sueton.
891 3701 985 3746 cap.
1008 3698 1086 3743 34.
1122 3685 1185 3730 Z.

338 3762 368 3810 5
393 3749 518 3797 Mire
539 3749 768 3797 Romulum
790 3750 1043 3798 nominavit
1068 3748 1286 3811 primum,
1303 3761 1408 3794 cum

273 3814 514 3875 Augustus
537 3814 649 3862 alter
667 3815 894 3862 Romulus
918 3833 942 3861 a
968 3813 1123 3861 multis
1140 3813 1408 3870 haberetur;

275 3883 332 3932 de
354 3897 442 3943 qua
464 3895 514 3927 re
538 3881 637 3928 vide
658 3881 948 3928 Suetonium.

344 3944 375 3993 6
409 3947 600 3993 Deorum
637 3948 681 3993 in
714 3947 872 4020 templa
904 3950 1089 4009 νεαρῆς
1132 3943 1179 3990 in
1219 3942 1413 3998 coelum;

274 4022 326 4066 et
347 4026 428 4073 per
447 4011 535 4059 hoc
557 4022 822 4059 consecrati.

349 4087 375 4133 7
416 4076 586 4134 Colunt,
614 4075 843 4124 excolunt.

348 4139 377 4189 8
413 4143 670 4207 Conponunt
688 4163 705 4197 ,·
750 4143 913 4187 sedant.
945 4139 1056 4203 Vct.
1089 4136 1240 4185 Schol.
1275 4136 1417 4197 Crnq.

346 4208 500 4273 Agros
534 4209 792 4273 assignatum
823 4206 870 4252 h.
890 4222 931 4251 e.
966 4205 1157 4250 colonias
1193 4203 1417 4249 deducunt.

281 4270 397 4389 lVct.
422 4271 574 4319 Schol.
641 4275 766 4320 Nota
788 4282 942 4319 autem
968 4268 1250 4331 Temporum
1278 4266 1418 4313 Enal-

306 4353 455 4396 agen.»

352 4406 384 4463 ‘9
421 4398 663 4450 ploravere
675 4401 973 4466 Metonyrnia
995 4400 1185 4469 quadam
1212 4395 1286 4443 hic
1304 4396 1425 4443 vide-

287 4478 366 4517 tur
389 4466 503 4515 nihil
524 4467 645 4517 aliud
665 4467 930 4529 significare,
959 4464 1095 4530 quam
1128 4478 1308 4514 causam
1342 4460 1426 4509 ha-

1862 2146 1893 2198 6
1925 2147 2017 2194 sata
2054 2148 2162 2210 conj.
2193 2144 2336 2191 Bentl.
2366 2153 2409 2188 et
2440 2141 2502 2187 εἰς
2533 2136 2586 2185 S.

1457 2381 1598 2429 buere
1621 2375 1948 2440 conquerendi.
1997 2374 2153 2421 Sueto.
2173 2366 2321 2428 Calig.
2343 2365 2423 2427 58.
2473 2367 2593 2414 Jultn·

1458 2455 1499 2494 et
1523 2447 1718 2509 Augusti
1737 2446 1901 2491 decreta
1925 2452 1973 2486 ue
1994 2447 2146 2486 vetera
2177 2443 2218 2482 et
2248 2434 2424 2481 obsoleta
2460 2432 2591 2498 deste-

1457 2512 1566 2569 bat;
1594 2524 1729 2571 quam
1751 2507 1991 2555 lectionem
2017 2504 2089 2552 hie
2109 2502 2201 2565 ipse
2220 2499 2499 2546 Horatianus
2521 2499 2592 2545 lo·

1461 2592 1540 2624 cus
1558 2576 1736 2621 videtur
1756 2572 1887 2619 tueri.
1922 2572 1987 2616 G.

1528 2643 1765 2693 Pavorem,
1795 2636 2018 2698 plausum.

1531 2718 1593 2752 10
1628 2705 1854 2759 Contud1‘13
1899 2696 2133 2746 edomuit:
2185 2695 2352 2743 ferocia
2386 2692 2595 2740 animalia

1462 2769 1783 2818 contundendo
1803 2766 1896 2813 fere
1918 2762 2181 2822 frangimus.
2214 2762 2267 2807 B.
2329 2760 2392 2805 Et
2414 2757 2595 2820 respicit

1460 2836 1580 2882 sorte
1610 2834 1664 2880 ad
1694 2832 1863 2878 clavam
1897 2826 2133 2881 Herculis,
2170 2841 2272 2887 quae
2302 2824 2517 2870 contundit
2548 2834 2597 2869 et

1462 2898 1736 2948 comminuit
1759 2908 2030 2959 quocunque
2051 2891 2224 2938 incidit.
2259 2892 2321 2936 G.

1533 2964 1700 3029 Hydra
1725 2958 2094 3021 significationem
2117 2955 2254 3002 babet
2283 2950 2506 3000 bellorum
2531 2951 2599 3000 ci·

1464 3030 1642 3076 vilium.
1674 3028 1730 3074 B.
1796 3024 1903 3073 Hoc
1928 3039 2019 3070 non
2042 3021 2186 3067 video.
2222 3021 2285 3065 Z.

1535 3108 1592 3141 11
1629 3091 1811 3147 Fatali;
1844 3107 1869 3137 a
1893 3088 2014 3135 Fatis
2031 3085 2074 3131 ei
2098 3087 2336 3145 imperato,
2354 3081 2480 3131 Fatis
2510 3082 2600 3128 Ju-

1464 3163 1583 3206 nom's
1604 3161 1773 3222 inique.
1836 3151 2058 3212 Virgilius
2093 3148 2234 3213 [AEn.
2255 3161 2300 3195 1.
2320 3143 2468 3211 668.].
2509 3146 2602 3194 Di·

1467 3225 1584 3273 citur
1607 3235 1756 3269 autern
1783 3220 1943 3268 Fatale
1963 3215 2179 3275 Dilogue,
2198 3214 2336 3261 etiam
2358 3213 2413 3258 de
2435 3210 2532 3259 diro
2554 3223 2604 3260 et

1478 3287 1707 3352 pestifero,
1744 3298 1790 3332 et
1813 3283 1919 3331 satis
1941 3281 2165 3340 eleganter
2186 3278 2301 3326 hoc:
2371 3275 2602 3337 Cogitavit

1469 3355 1591 3403 enirn
1633 3353 1689 3398 de
1733 3348 1886 3400 Fatalr‘
1915 3358 2099 3396 monstro
2141 3343 2270 3410 [Car.
2305 3356 2348 3393 1.
2382 3354 2459 3403 37.
2504 3337 2605 3405 αα]

1474 3419 1730 3479 Cleopatra.
1997 3428 2008 3437 ·

1540 3497 1601 3534 12
1635 3482 1832 3547 Supremo
1860 3481 1987 3544 fine3
2040 3473 2410 3538 Euphemismus,
2456 3468 2606 3520 noluit

1472 3550 1595 3598 enim
1619 3560 1813 3596 mortem
1836 3546 2086 3593 nominare.

1542 3628 1600 3676 13
1642 3614 1770 3667 Uria·
1809 3622 2019 3659 macerat.
2106 3606 2173 3654 Ee
2193 3603 2292 3653 bene
2314 3605 2408 3652 urit
2429 3603 2608 3667 adful-

1467 3700 1614 3748 gorem
1638 3680 1806 3727 retulit.
1834 3677 1948 3723 Vct.
1970 3670 2121 3722 Schol.

1542 3748 1848 3808 Bagra-vat,-
1884 3754 2021 3788 onere
2044 3752 2126 3784 suo
2152 3734 2364 3798 deprimit
2397 3746 2444 3781 et
2477 3732 2608 3782 celat.

1477 3813 1531 3863 B.
1597 3809 1780 3871 Proprie
1813 3812 2138 3870 praegravatur
2166 3800 2213 3847 in
2249 3794 2422 3847 bilance
2457 3800 2609 3846 minus

1477 3876 1654 3940 pondus
1673 3890 1698 3921 a
1722 3871 1898 3935 majori,
1929 3869 1959 3915 i.
1982 3884 2023 3916 e.
2042 3867 2263 3924 elevatur,
2293 3866 2413 3913 uude
2433 3867 2612 3914 elevare

1478 3953 1547 3990 est
1566 3952 1873 3988 contemnere.
1904 3937 1969 3982 G.

1548 4005 1753 4066 Antique
1770 4004 1904 4050 Artes
1922 3999 2071 4064 posuit
2094 4010 2176 4059 pro
2190 3993 2421 4055 Virtutes,
2440 3996 2616 4046 Graecis

1484 4071 1691 4137 ’Agra-45.
1733 4067 1907 4115 Callida
1929 4066 2066 4112 etiam
2089 4062 2270 4122 Dilogia
2292 4062 2347 4109 de
2369 4064 2617 4111 Obtrecta-

1482 4136 1657 4186 toribus
1679 4135 1768 4181 suis
1790 4131 2011 4195 queritur.
2049 4130 2102 4176 B.
2165 4122 2320 4175 Etiam
2352 4126 2427 4176 hic
2450 4128 2619 4175 Meto·

1484 4200 1640 4264 nymia
1658 4199 1851 4261 quadam
1872 4195 2064 4244 artifices
2083 4193 2227 4255 signat
2246 4194 2301 4240 ab
2322 4193 2510 4241 artibus.
2553 4195 2619 4240 G.

1484 4268 1631 4314 Recte
1656 4265 1792 4325 igitur
1815 4262 2139 4323 interpretatur
2178 4258 2459 4306 Lambinust
2519 4257 2618 4320 Qui

1488 4324 1680 4380 artifices
1701 4347 1746 4377 se
1769 4326 2002 4376 inferiores
2022 4342 2101 4373 sua
2122 4322 2379 4388 praestantia
2399 4325 2623 4387 quodam·

1490 4392 1627 4447 modo
1648 4406 1804 4444 onerat
1826 4406 1873 4442 et
1894 4389 2123 4458 opprimit.
2158 4391 2220 4445 Z.

2075 4526 2106 4570 7
