3000 4979
1346 1038 1445 1087 DE

236 1288 1119 1375 TEMPORIBUS
1189 1287 1909 1373 LIBRORUM
1976 1287 2530 1373 HORATII

1337 1604 1430 1652 ΕΤ

834 1864 1536 1951 POEMATUM
1599 1865 1938 1949 ADEO

996 2158 1259 2225 RICH.
1307 2158 1766 2225 BENTLEu

1153 2423 1636 2484 SENTENTIA.

210 2642 516 2715 MAGNO
554 2634 858 2736 quidem
894 2633 1140 2709 studio
1175 2648 1252 2710 et
1283 2637 1642 2712 acerrima
1678 2638 2155 2713 contentione
2180 2655 2348 2739 post
2377 2644 2521 2722 Ta-

204 2760 514 2861 naquilli
580 2758 798 2832 Fabri
856 2781 1153 2854 operam
1211 2759 1591 2834 clarissimi
1651 2760 1786 2834 viri
1842 2761 2204 2836 Dacerius
2243 2763 2524 2844 Masso-

206 2905 495 2984 nusque
522 2883 603 2956 in
632 2881 824 2955 hanc
851 2905 1151 2956 arenam
1178 2884 1728 2960 descenderunt
1751 2913 1775 2975 3
1833 2908 2143 2983 quorum
2172 2887 2521 2985 equidem

196 3030 532 3082 acumen
590 3017 670 3080 et
729 3003 1223 3080 eruditionem
1284 3006 1360 3081 in
1417 3007 1747 3106 partibus
1802 3005 2074 3100 laud03
2138 3009 2217 3082 in
2279 3013 2523 3111 operis

202 3155 400 3207 vero
432 3153 711 3204 summa
768 3140 1079 3226 totoque
1139 3129 1667 3205 constituendo
1723 3152 1877 3203 rem
1940 3154 2068 3204 eos
2123 3128 2521 3211 infeliciter

190 3252 611 3329 admodum
646 3252 960 3351 gessisse
992 3278 1288 3329 censeo.
1398 3253 1688 3328 Horum
1727 3251 1926 3326 enim
1962 3251 2394 3346 rationibuS‚
2440 3269 2521 3333 et

190 3375 677 3451 Carminibus
732 3387 810 3450 et
863 3374 1143 3475 Epodis
1197 3390 1275 3453 et
1310 3377 1783 3453 Sermonibus
1818 3373 2314 3475 Epistulisque
2346 3381 2519 3455 scri-

187 3499 466 3576 bendis
530 3520 685 3572 uno
746 3523 833 3573 ac
890 3499 1154 3574 eodem
1214 3514 1549 3599 tempore
1585 3499 1954 3575 vacavisse
1991 3487 2350 3575 Nostrum
2386 3528 2518 3580 ne-

188 3646 409 3698 cesse
450 3634 619 3712 est3
701 3632 779 3695 et
834 3621 1122 3721 singula
1179 3647 1491 3722 quaeque
1555 3621 1931 3698 Poematia
1990 3626 2377 3722 separatim
2435 3631 2518 3704 in

186 3749 471 3846 vulgus
506 3744 825 3819 edidisse
854 3774 879 3834 ;
936 3769 1248 3844 quorum
1283 3758 1680 3844 utrumque
1714 3773 1756 3820 a
1790 3734 2317 3821 vero'alienum
2356 3775 2514 3827 esse

186 3871 377 3946 mihi
412 3894 552 3969 pro
580 3880 966 3967 comperto
1002 3880 1138 3943 est.
1246 3868 1547 3968 Quippe
1582 3869 1951 3959 omnibus»,
1988 3870 2115 3965 qui
2150 3869 2517 3968 ejusmodi

192 3993 564 4070 Poemata
623 3990 1102 4090 scripserunt,
1163 3991 1241 4066 id
1300 3992 1378 4066 in
1435 4016 1637 4066 more
1699 4003 1881 4081 erat,
1932 4002 2017 4064 ut
2050 4016 2199 4066 non
2233 4018 2512 4094 sparsas

194 4118 553 4219 EclogaS,
618 4114 753 4191 sed
810 4115 1141 4213 integros
1174 4113 1460 4189 libellos
1495 4114 1722 4191 semel
1756 4113 2118 4211 simulque
2153 4116 2229 4189 in
2263 4116 2510 4195 lucem

206 4241 533 4318 ederent.
642 4238 767 4314 Ita
801 4239 1124 4314 Catullus
1154 4238 1365 4328 fecit,
1400 4250 1486 4316 ut
1521 4264 1616 4313 ex
1649 4239 2199 4338 Epigrammate
2235 4240 2300 4312 I.
2338 4266 2512 4316 con-

204 4373 368 4456 stat,
427 4367 564 4444 Cui
620 4367 811 4440 dono
875 4364 1180 4463 lepidum
1232 4386 1487 4441 novum
1533 4365 1885 4443 Libellum
1919 4394 1945 4437 .·
1993 4365 2099 4440 ita
2137 4363 2456 4443 Tibullus
2472 4395 2508 4458 ,-
