<?xml version="1.0" encoding="UTF-8"?>
<!DOCTYPE html PUBLIC "-//W3C//DTD XHTML 1.0 Transitional//EN"
    "http://www.w3.org/TR/xhtml1/DTD/xhtml1-transitional.dtd">
<html xmlns="http://www.w3.org/1999/xhtml" xml:lang="en" lang="en">
 <head>
  <title>
</title>
<meta http-equiv="Content-Type" content="text/html;charset=utf-8" />
  <meta name='ocr-system' content='tesseract 3.04.00' />
  <meta name='ocr-capabilities' content='ocr_page ocr_carea ocr_par ocr_line ocrx_word'/>
</head>
<body>
  <div class='ocr_page' id='page_1' title='image "./qhoratiiflaccie03horagoog_0196.png"; bbox 0 0 3000 4979; ppageno 0'>
   <div class='ocr_carea' id='block_1_1' title="bbox 440 320 2069 402">
    <p class='ocr_par' dir='ltr' id='par_1_1' title="bbox 440 320 2069 402">
     <span class='ocr_line' id='line_1_1' title="bbox 440 320 2069 402; baseline -0.002 -9"><span class='ocrx_word' id='word_1_1' title='bbox 440 331 566 394; x_wconf 78' lang='lat'>142</span> <span class='ocrx_word' id='word_1_2' title='bbox 699 385 710 393; x_wconf 92' lang='lat'>.</span> <span class='ocrx_word' id='word_1_3' title='bbox 1119 323 1206 402; x_wconf 85' lang='lat' dir='ltr'>Q.</span> <span class='ocrx_word' id='word_1_4' title='bbox 1256 320 1678 390; x_wconf 85' lang='lat' dir='ltr'>HORATII</span> <span class='ocrx_word' id='word_1_5' title='bbox 1726 320 2069 390; x_wconf 83' lang='lat' dir='ltr'><strong>FLACCI</strong></span> 
     </span>
    </p>
   </div>
   <div class='ocr_carea' id='block_1_2' title="bbox 510 498 2310 1796">
    <p class='ocr_par' dir='ltr' id='par_1_2' title="bbox 510 498 2310 1796">
     <span class='ocr_line' id='line_1_2' title="bbox 776 498 1466 588; baseline -0.003 -21"><span class='ocrx_word' id='word_1_6' title='bbox 776 498 1022 568; x_wconf 88' lang='lat' dir='ltr'>Dicens</span> <span class='ocrx_word' id='word_1_7' title='bbox 1054 498 1312 588; x_wconf 85' lang='lat' dir='ltr'>ignibus</span> <span class='ocrx_word' id='word_1_8' title='bbox 1343 498 1466 577; x_wconf 90' lang='lat' dir='ltr'>uri,</span> 
     </span>
     <span class='ocr_line' id='line_1_3' title="bbox 859 607 1778 676; baseline -0.004 0"><span class='ocrx_word' id='word_1_9' title='bbox 859 610 1101 676; x_wconf 80' lang='lat' dir='ltr'><strong>Tentat</strong></span> <span class='ocrx_word' id='word_1_10' title='bbox 1128 608 1302 674; x_wconf 91' lang='lat' dir='ltr'>mille</span> <span class='ocrx_word' id='word_1_11' title='bbox 1331 607 1507 674; x_wconf 82' lang='lat' dir='ltr'>vafer</span> <span class='ocrx_word' id='word_1_12' title='bbox 1528 607 1778 674; x_wconf 83' lang='lat' dir='ltr'>modis:</span> 
     </span>
     <span class='ocr_line' id='line_1_4' title="bbox 687 716 2002 805; baseline -0.005 -15"><span class='ocrx_word' id='word_1_13' title='bbox 687 723 787 790; x_wconf 88' lang='lat' dir='ltr'>Ut</span> <span class='ocrx_word' id='word_1_14' title='bbox 808 723 1099 788; x_wconf 80' lang='lat' dir='ltr'>Proetum</span> <span class='ocrx_word' id='word_1_15' title='bbox 1127 719 1359 785; x_wconf 90' lang='lat' dir='ltr'>mulier</span> <span class='ocrx_word' id='word_1_16' title='bbox 1388 718 1641 805; x_wconf 87' lang='lat' dir='ltr'>perfida</span> <span class='ocrx_word' id='word_1_17' title='bbox 1670 716 2002 784; x_wconf 86' lang='lat' dir='ltr'>credulum</span> 
     </span>
     <span class='ocr_line' id='line_1_5' title="bbox 689 827 1910 917; baseline -0.008 -18"><span class='ocrx_word' id='word_1_18' title='bbox 689 832 892 899; x_wconf 87' lang='lat' dir='ltr'>Falsis</span> <span class='ocrx_word' id='word_1_19' title='bbox 920 829 1247 917; x_wconf 88' lang='lat' dir='ltr'>impulerit</span> <span class='ocrx_word' id='word_1_20' title='bbox 1275 828 1671 907; x_wconf 88' lang='lat' dir='ltr'>criminibus,</span> <span class='ocrx_word' id='word_1_21' title='bbox 1718 827 1910 892; x_wconf 88' lang='lat' dir='ltr'>nimis</span> 
     </span>
     <span class='ocr_line' id='line_1_6' title="bbox 522 940 1497 1027; baseline -0.005 -18"><span class='ocrx_word' id='word_1_22' title='bbox 522 953 600 1009; x_wconf 81' lang='lat'>15</span> <span class='ocrx_word' id='word_1_23' title='bbox 779 941 976 1008; x_wconf 89' lang='lat' dir='ltr'>Casto</span> <span class='ocrx_word' id='word_1_24' title='bbox 1009 940 1497 1027; x_wconf 82' lang='lat' dir='ltr'>Bellerophonti</span> 
     </span>
     <span class='ocr_line' id='line_1_7' title="bbox 861 1045 1729 1127; baseline -0.006 -11"><span class='ocrx_word' id='word_1_25' title='bbox 861 1050 1196 1117; x_wconf 87' lang='lat' dir='ltr'>Maturare</span> <span class='ocrx_word' id='word_1_26' title='bbox 1226 1071 1469 1127; x_wconf 83' lang='lat' dir='ltr'>necem,</span> <span class='ocrx_word' id='word_1_27' title='bbox 1517 1045 1729 1112; x_wconf 82' lang='lat' dir='ltr'>refert.</span> 
     </span>
     <span class='ocr_line' id='line_1_8' title="bbox 685 1154 1949 1248; baseline -0.008 -19"><span class='ocrx_word' id='word_1_28' title='bbox 685 1163 927 1230; x_wconf 81' lang='lat' dir='ltr'>Narrat</span> <span class='ocrx_word' id='word_1_29' title='bbox 952 1182 1138 1248; x_wconf 83' lang='lat' dir='ltr'>paene</span> <span class='ocrx_word' id='word_1_30' title='bbox 1167 1159 1389 1224; x_wconf 89' lang='lat' dir='ltr'>datum</span> <span class='ocrx_word' id='word_1_31' title='bbox 1422 1156 1620 1223; x_wconf 88' lang='lat' dir='ltr'>Pelea</span> <span class='ocrx_word' id='word_1_32' title='bbox 1649 1154 1949 1234; x_wconf 89' lang='lat' dir='ltr'>Tartaro,</span> 
     </span>
     <span class='ocr_line' id='line_1_9' title="bbox 687 1264 2310 1363; baseline -0.008 -23"><span class='ocrx_word' id='word_1_33' title='bbox 687 1273 1102 1363; x_wconf 84' lang='lat' dir='ltr'>Magnessam</span> <span class='ocrx_word' id='word_1_34' title='bbox 1139 1269 1543 1357; x_wconf 84' lang='lat' dir='ltr'>Hippolyten</span> <span class='ocrx_word' id='word_1_35' title='bbox 1575 1269 1731 1332; x_wconf 89' lang='lat' dir='ltr'>dum</span> <span class='ocrx_word' id='word_1_36' title='bbox 1761 1266 1925 1354; x_wconf 86' lang='lat' dir='ltr'>fugit</span> <span class='ocrx_word' id='word_1_37' title='bbox 1954 1264 2310 1331; x_wconf 85' lang='lat' dir='ltr'>abstinens:</span> 
     </span>
     <span class='ocr_line' id='line_1_10' title="bbox 773 1379 1481 1468; baseline -0.007 -20"><span class='ocrx_word' id='word_1_38' title='bbox 773 1382 861 1448; x_wconf 85' lang='lat' dir='ltr'>Et</span> <span class='ocrx_word' id='word_1_39' title='bbox 890 1403 1155 1468; x_wconf 87' lang='lat' dir='ltr'>peccare</span> <span class='ocrx_word' id='word_1_40' title='bbox 1177 1379 1481 1444; x_wconf 85' lang='lat' dir='ltr'>docentes</span> 
     </span>
     <span class='ocr_line' id='line_1_11' title="bbox 510 1489 1687 1565; baseline -0.008 -4"><span class='ocrx_word' id='word_1_41' title='bbox 510 1505 598 1561; x_wconf 77' lang='lat'>20</span> <span class='ocrx_word' id='word_1_42' title='bbox 863 1491 1092 1558; x_wconf 80' lang='lat' dir='ltr'>Fallax</span> <span class='ocrx_word' id='word_1_43' title='bbox 1119 1489 1417 1554; x_wconf 85' lang='lat' dir='ltr'>historias</span> <span class='ocrx_word' id='word_1_44' title='bbox 1449 1500 1687 1565; x_wconf 87' lang='lat' dir='ltr'>monet,</span> 
     </span>
     <span class='ocr_line' id='line_1_12' title="bbox 681 1594 1971 1685; baseline -0.007 -17"><span class='ocrx_word' id='word_1_45' title='bbox 681 1601 983 1669; x_wconf 86' lang='lat' dir='ltr'>Frustra:</span> <span class='ocrx_word' id='word_1_46' title='bbox 1027 1622 1179 1666; x_wconf 90' lang='lat' dir='ltr'>nam</span> <span class='ocrx_word' id='word_1_47' title='bbox 1208 1597 1487 1685; x_wconf 88' lang='lat' dir='ltr'>scopulis</span> <span class='ocrx_word' id='word_1_48' title='bbox 1518 1597 1772 1662; x_wconf 87' lang='lat' dir='ltr'>surdior</span> <span class='ocrx_word' id='word_1_49' title='bbox 1803 1594 1971 1661; x_wconf 77' lang='lat' dir='ltr'>Icari</span> 
     </span>
     <span class='ocr_line' id='line_1_13' title="bbox 678 1704 2006 1796; baseline -0.006 -19"><span class='ocrx_word' id='word_1_50' title='bbox 678 1709 891 1777; x_wconf 85' lang='lat' dir='ltr'>Voces</span> <span class='ocrx_word' id='word_1_51' title='bbox 918 1709 1098 1775; x_wconf 87' lang='lat' dir='ltr'>audit</span> <span class='ocrx_word' id='word_1_52' title='bbox 1125 1708 1338 1774; x_wconf 90' lang='lat' dir='ltr'>adhuc</span> <span class='ocrx_word' id='word_1_53' title='bbox 1367 1707 1636 1796; x_wconf 82' lang='lat' dir='ltr'>integer.</span> <span class='ocrx_word' id='word_1_54' title='bbox 1727 1705 1840 1784; x_wconf 88' lang='lat' dir='ltr'>At,</span> <span class='ocrx_word' id='word_1_55' title='bbox 1886 1704 2006 1770; x_wconf 89' lang='lat' dir='ltr'>tibi</span> 
     </span>
    </p>
   </div>
   <div class='ocr_carea' id='block_1_3' title="bbox 501 1819 2134 2124">
    <p class='ocr_par' dir='ltr' id='par_1_3' title="bbox 501 1819 2134 2124">
     <span class='ocr_line' id='line_1_14' title="bbox 767 1819 1471 1905; baseline -0.004 -19"><span class='ocrx_word' id='word_1_56' title='bbox 767 1821 872 1887; x_wconf 92' lang='lat' dir='ltr'>Ne</span> <span class='ocrx_word' id='word_1_57' title='bbox 903 1822 1148 1886; x_wconf 89' lang='lat' dir='ltr'>vicinus</span> <span class='ocrx_word' id='word_1_58' title='bbox 1184 1819 1471 1905; x_wconf 90' lang='lat' dir='ltr'>Enipeus</span> 
     </span>
     <span class='ocr_line' id='line_1_15' title="bbox 855 1929 1743 2017; baseline -0.008 -20"><span class='ocrx_word' id='word_1_59' title='bbox 855 1931 1011 1997; x_wconf 92' lang='lat' dir='ltr'>Plus</span> <span class='ocrx_word' id='word_1_60' title='bbox 1029 1932 1208 2017; x_wconf 85' lang='lat' dir='ltr'>justo</span> <span class='ocrx_word' id='word_1_61' title='bbox 1232 1929 1505 2015; x_wconf 86' lang='lat' dir='ltr'>placeat,</span> <span class='ocrx_word' id='word_1_62' title='bbox 1553 1949 1743 2003; x_wconf 84' lang='lat' dir='ltr'>cave3</span> 
     </span>
     <span class='ocr_line' id='line_1_16' title="bbox 501 2034 2134 2124; baseline -0.009 -12"><span class='ocrx_word' id='word_1_63' title='bbox 501 2051 586 2113; x_wconf 77' lang='lat'>25</span> <span class='ocrx_word' id='word_1_64' title='bbox 678 2041 988 2119; x_wconf 86' lang='lat' dir='ltr'>Quamvis</span> <span class='ocrx_word' id='word_1_65' title='bbox 1017 2063 1148 2105; x_wconf 90' lang='lat' dir='ltr'>non</span> <span class='ocrx_word' id='word_1_66' title='bbox 1179 2039 1340 2104; x_wconf 90' lang='lat' dir='ltr'>alius</span> <span class='ocrx_word' id='word_1_67' title='bbox 1369 2039 1626 2103; x_wconf 85' lang='lat' dir='ltr'>flectere</span> <span class='ocrx_word' id='word_1_68' title='bbox 1656 2058 1907 2124; x_wconf 88' lang='lat' dir='ltr'>equum.</span> <span class='ocrx_word' id='word_1_69' title='bbox 1925 2034 2134 2100; x_wconf 89' lang='lat' dir='ltr'>sciens</span> 
     </span>
    </p>
   </div>
   <div class='ocr_carea' id='block_1_4' title="bbox 499 2148 2217 2913">
    <p class='ocr_par' dir='ltr' id='par_1_4' title="bbox 499 2148 2217 2913">
     <span class='ocr_line' id='line_1_17' title="bbox 675 2148 1925 2244; baseline -0.007 -21"><span class='ocrx_word' id='word_1_70' title='bbox 675 2156 893 2244; x_wconf 88' lang='lat' dir='ltr'>AEque</span> <span class='ocrx_word' id='word_1_71' title='bbox 914 2153 1303 2239; x_wconf 87' lang='lat' dir='ltr'>conspicitur</span> <span class='ocrx_word' id='word_1_72' title='bbox 1329 2150 1622 2241; x_wconf 87' lang='lat' dir='ltr'>gramine</span> <span class='ocrx_word' id='word_1_73' title='bbox 1654 2148 1925 2227; x_wconf 80' lang='lat' dir='ltr'>Martie,</span> 
     </span>
     <span class='ocr_line' id='line_1_18' title="bbox 759 2264 1671 2355; baseline -0.008 -20"><span class='ocrx_word' id='word_1_74' title='bbox 759 2267 901 2334; x_wconf 89' lang='lat' dir='ltr'>Nec</span> <span class='ocrx_word' id='word_1_75' title='bbox 931 2266 1263 2355; x_wconf 87' lang='lat' dir='ltr'>quisquam</span> <span class='ocrx_word' id='word_1_76' title='bbox 1296 2264 1460 2330; x_wconf 87' lang='lat' dir='ltr'>citus</span> <span class='ocrx_word' id='word_1_77' title='bbox 1490 2285 1671 2350; x_wconf 85' lang='lat' dir='ltr'>aeque</span> 
     </span>
     <span class='ocr_line' id='line_1_19' title="bbox 847 2377 1580 2446; baseline -0.005 0"><span class='ocrx_word' id='word_1_78' title='bbox 847 2380 1065 2446; x_wconf 92' lang='lat' dir='ltr'>Tusco</span> <span class='ocrx_word' id='word_1_79' title='bbox 1088 2379 1348 2445; x_wconf 84' lang='lat' dir='ltr'>denatat</span> <span class='ocrx_word' id='word_1_80' title='bbox 1378 2377 1580 2443; x_wconf 77' lang='lat' dir='ltr'>alveo·</span> 
     </span>
     <span class='ocr_line' id='line_1_20' title="bbox 673 2489 2217 2578; baseline -0.002 -19"><span class='ocrx_word' id='word_1_81' title='bbox 673 2494 892 2560; x_wconf 88' lang='lat' dir='ltr'>Prima</span> <span class='ocrx_word' id='word_1_82' title='bbox 918 2505 1108 2558; x_wconf 89' lang='lat' dir='ltr'>nocte</span> <span class='ocrx_word' id='word_1_83' title='bbox 1137 2492 1402 2557; x_wconf 89' lang='lat' dir='ltr'>domum</span> <span class='ocrx_word' id='word_1_84' title='bbox 1434 2489 1702 2566; x_wconf 79' lang='lat' dir='ltr'>claude3</span> <span class='ocrx_word' id='word_1_85' title='bbox 1749 2513 1954 2578; x_wconf 89' lang='lat' dir='ltr'>neque</span> <span class='ocrx_word' id='word_1_86' title='bbox 1983 2489 2050 2556; x_wconf 90' lang='lat' dir='ltr'>in</span> <span class='ocrx_word' id='word_1_87' title='bbox 2082 2491 2217 2556; x_wconf 82' lang='lat' dir='ltr'>vias</span> 
     </span>
     <span class='ocr_line' id='line_1_21' title="bbox 499 2604 1879 2694; baseline -0.007 -17"><span class='ocrx_word' id='word_1_88' title='bbox 499 2619 585 2676; x_wconf 87' lang='grc'>30</span> <span class='ocrx_word' id='word_1_89' title='bbox 675 2607 813 2675; x_wconf 91' lang='lat' dir='ltr'>Sub</span> <span class='ocrx_word' id='word_1_90' title='bbox 842 2618 1033 2672; x_wconf 90' lang='lat' dir='ltr'>cantu</span> <span class='ocrx_word' id='word_1_91' title='bbox 1064 2605 1349 2694; x_wconf 85' lang='lat' dir='ltr'>querulae</span> <span class='ocrx_word' id='word_1_92' title='bbox 1377 2605 1633 2691; x_wconf 85' lang='lat' dir='ltr'>despice</span> <span class='ocrx_word' id='word_1_93' title='bbox 1664 2604 1879 2682; x_wconf 83' lang='lat' dir='ltr'>tibiae3</span> 
     </span>
     <span class='ocr_line' id='line_1_22' title="bbox 760 2719 1428 2806; baseline -0.004 -20"><span class='ocrx_word' id='word_1_94' title='bbox 760 2720 851 2786; x_wconf 86' lang='lat' dir='ltr'>Et</span> <span class='ocrx_word' id='word_1_95' title='bbox 879 2732 942 2785; x_wconf 92' lang='lat' dir='ltr'>te</span> <span class='ocrx_word' id='word_1_96' title='bbox 973 2742 1142 2806; x_wconf 85' lang='lat' dir='ltr'>saepe</span> <span class='ocrx_word' id='word_1_97' title='bbox 1173 2719 1428 2784; x_wconf 87' lang='lat' dir='ltr'>vocanti</span> 
     </span>
     <span class='ocr_line' id='line_1_23' title="bbox 841 2831 1684 2913; baseline -0.005 -13"><span class='ocrx_word' id='word_1_98' title='bbox 841 2835 1122 2913; x_wconf 87' lang='lat' dir='ltr'>Duram,</span> <span class='ocrx_word' id='word_1_99' title='bbox 1168 2831 1444 2898; x_wconf 87' lang='lat' dir='ltr'>difficilis</span> <span class='ocrx_word' id='word_1_100' title='bbox 1473 2854 1684 2897; x_wconf 88' lang='lat' dir='ltr'>mane.</span> 
     </span>
    </p>
   </div>
   <div class='ocr_carea' id='block_1_5' title="bbox 473 2957 2753 3092">
    <p class='ocr_par' dir='ltr' id='par_1_5' title="bbox 473 2957 2753 3092">
     <span class='ocr_line' id='line_1_24' title="bbox 473 2957 2753 3031; baseline -0.005 -14"><span class='ocrx_word' id='word_1_101' title='bbox 473 2979 538 3021; x_wconf 79' lang='lat'>20</span> <span class='ocrx_word' id='word_1_102' title='bbox 569 2965 742 3018; x_wconf 71' lang='lat' dir='ltr'>Pellu-</span> <span class='ocrx_word' id='word_1_103' title='bbox 760 2967 869 3031; x_wconf 74' lang='lat' dir='ltr'>conj.</span> <span class='ocrx_word' id='word_1_104' title='bbox 885 2965 1034 3014; x_wconf 76' lang='lat' dir='ltr'>Bensl.</span> <span class='ocrx_word' id='word_1_105' title='bbox 1161 2974 1315 3011; x_wconf 84' lang='lat' dir='ltr'>movet</span> <span class='ocrx_word' id='word_1_106' title='bbox 1336 2965 1469 3011; x_wconf 63' lang='lat' dir='ltr'>etiam</span> <span class='ocrx_word' id='word_1_107' title='bbox 1489 2963 1574 3010; x_wconf 79' lang='lat' dir='ltr'>coll</span> <span class='ocrx_word' id='word_1_108' title='bbox 1592 2963 1708 3009; x_wconf 78' lang='lat' dir='ltr'>Sax.</span> <span class='ocrx_word' id='word_1_109' title='bbox 1734 2962 2012 3025; x_wconf 64' lang='lat' dir='ltr'>“facilli-ra</span> <span class='ocrx_word' id='word_1_110' title='bbox 2036 2963 2244 3026; x_wconf 74' lang='lat' dir='ltr'>confusio.</span> <span class='ocrx_word' id='word_1_111' title='bbox 2358 2971 2423 3010; x_wconf 78' lang='lat'>22</span> <span class='ocrx_word' id='word_1_112' title='bbox 2455 2957 2639 3022; x_wconf 78' lang='lat' dir='ltr'>Spernit</span> <span class='ocrx_word' id='word_1_113' title='bbox 2657 2968 2753 3024; x_wconf 73' lang='lat' dir='ltr'>pro</span> 
     </span>
     <span class='ocr_line' id='line_1_25' title="bbox 945 3027 2219 3092; baseline -0.003 -14"><span class='ocrx_word' id='word_1_114' title='bbox 945 3028 1070 3078; x_wconf 81' lang='lat' dir='ltr'>audit</span> <span class='ocrx_word' id='word_1_115' title='bbox 1092 3029 1187 3077; x_wconf 81' lang='lat' dir='ltr'>coll.</span> <span class='ocrx_word' id='word_1_116' title='bbox 1210 3027 1327 3076; x_wconf 77' lang='lat' dir='ltr'><em>Sax-</em></span> <span class='ocrx_word' id='word_1_117' title='bbox 1453 3042 1516 3089; x_wconf 84' lang='lat'>23</span> <span class='ocrx_word' id='word_1_118' title='bbox 1552 3029 1655 3076; x_wconf 88' lang='lat' dir='ltr'>Nec</span> <span class='ocrx_word' id='word_1_119' title='bbox 1684 3027 1810 3074; x_wconf 75' lang='lat' dir='ltr'>editt.</span> <span class='ocrx_word' id='word_1_120' title='bbox 1824 3029 2003 3091; x_wconf 70' lang='lat' dir='ltr'>prima,</span> <span class='ocrx_word' id='word_1_121' title='bbox 2015 3028 2219 3092; x_wconf 70' lang='lat' dir='ltr'>pulchre!</span> 
     </span>
    </p>
   </div>
   <div class='ocr_carea' id='block_1_6' title="bbox 401 3126 2755 3464">
    <p class='ocr_par' dir='ltr' id='par_1_6' title="bbox 403 3126 2753 3271">
     <span class='ocr_line' id='line_1_26' title="bbox 472 3126 2753 3206; baseline -0.006 -16"><span class='ocrx_word' id='word_1_122' title='bbox 472 3153 532 3191; x_wconf 86' lang='lat'>11</span> <span class='ocrx_word' id='word_1_123' title='bbox 568 3139 776 3206; x_wconf 64' lang='lat' dir='ltr'>Ignibusf</span> <span class='ocrx_word' id='word_1_124' title='bbox 812 3137 876 3186; x_wconf 85' lang='lat' dir='ltr'>sic</span> <span class='ocrx_word' id='word_1_125' title='bbox 898 3147 946 3185; x_wconf 85' lang='lat' dir='ltr'>et</span> <span class='ocrx_word' id='word_1_126' title='bbox 972 3133 1213 3195; x_wconf 73' lang='lat' dir='ltr'>Virgilius,</span> <span class='ocrx_word' id='word_1_127' title='bbox 1244 3133 1385 3182; x_wconf 77' lang='lat' dir='ltr'>Meus</span> <span class='ocrx_word' id='word_1_128' title='bbox 1422 3134 1535 3197; x_wconf 80' lang='lat' dir='ltr'>ignis</span> <span class='ocrx_word' id='word_1_129' title='bbox 1600 3127 1763 3177; x_wconf 84' lang='lat' dir='ltr'>Minus</span> <span class='ocrx_word' id='word_1_130' title='bbox 1806 3129 1951 3191; x_wconf 76' lang='lat' dir='ltr'>placet</span> <span class='ocrx_word' id='word_1_131' title='bbox 1985 3128 2177 3176; x_wconf 77' lang='lat' dir='ltr'>Bentleii</span> <span class='ocrx_word' id='word_1_132' title='bbox 2208 3137 2362 3185; x_wconf 63' lang='lat' dir='ltr'>monet,</span> <span class='ocrx_word' id='word_1_133' title='bbox 2380 3126 2466 3175; x_wconf 85' lang='lat' dir='ltr'>etsi</span> <span class='ocrx_word' id='word_1_134' title='bbox 2507 3127 2753 3177; x_wconf 77' lang='lat' dir='ltr'>firmatum</span> 
     </span>
     <span class='ocr_line' id='line_1_27' title="bbox 403 3194 2441 3271; baseline -0.008 -16"><span class='ocrx_word' id='word_1_135' title='bbox 403 3206 638 3271; x_wconf 59' lang='grc' dir='ltr'>Λυγκέα.</span> <span class='ocrx_word' id='word_1_136' title='bbox 1600 3195 1871 3242; x_wconf 76' lang='lat' dir='ltr'>auctoritate</span> <span class='ocrx_word' id='word_1_137' title='bbox 1893 3195 2176 3257; x_wconf 80' lang='lat' dir='ltr'>quorundam</span> <span class='ocrx_word' id='word_1_138' title='bbox 2201 3194 2441 3242; x_wconf 86' lang='lat' dir='ltr'>Codicum.</span> 
     </span>
    </p>

    <p class='ocr_par' dir='ltr' id='par_1_7' title="bbox 401 3257 2755 3464">
     <span class='ocr_line' id='line_1_28' title="bbox 471 3257 2755 3332; baseline -0.007 -12"><span class='ocrx_word' id='word_1_139' title='bbox 471 3284 531 3332; x_wconf 82' lang='lat'>13</span> <span class='ocrx_word' id='word_1_140' title='bbox 555 3268 807 3320; x_wconf 80' lang='lat' dir='ltr'>Notissima</span> <span class='ocrx_word' id='word_1_141' title='bbox 820 3279 898 3315; x_wconf 62' lang='lat' dir='ltr'>‘est</span> <span class='ocrx_word' id='word_1_142' title='bbox 918 3265 1221 3325; x_wconf 77' lang='lat' dir='ltr'>Sthenoboeae,</span> <span class='ocrx_word' id='word_1_143' title='bbox 1241 3264 1334 3312; x_wconf 84' lang='lat' dir='ltr'>sive</span> <span class='ocrx_word' id='word_1_144' title='bbox 1353 3263 1542 3320; x_wconf 84' lang='lat' dir='ltr'>Anteae,</span> <span class='ocrx_word' id='word_1_145' title='bbox 1668 3272 1728 3309; x_wconf 85' lang='lat'>21</span> <span class='ocrx_word' id='word_1_146' title='bbox 1780 3259 1915 3307; x_wconf 73' lang='lat' dir='ltr'>Surda·</span> <span class='ocrx_word' id='word_1_147' title='bbox 1968 3261 2131 3322; x_wconf 70' lang='lat' dir='ltr'>scopuli</span> <span class='ocrx_word' id='word_1_148' title='bbox 2174 3277 2205 3305; x_wconf 78' lang='lat' dir='ltr'><em>a</em></span> <span class='ocrx_word' id='word_1_149' title='bbox 2255 3257 2605 3325; x_wconf 67' lang='lat' dir='ltr'>periclitantibus</span> <span class='ocrx_word' id='word_1_150' title='bbox 2660 3259 2755 3306; x_wconf 61' lang='grc' dir='ltr'>ἀεὶ</span> 
     </span>
     <span class='ocr_line' id='line_1_29' title="bbox 401 3323 2755 3398; baseline -0.006 -14"><span class='ocrx_word' id='word_1_151' title='bbox 401 3347 451 3386; x_wconf 88' lang='lat' dir='ltr'>et</span> <span class='ocrx_word' id='word_1_152' title='bbox 472 3334 836 3398; x_wconf 82' lang='lat' dir='ltr'>Bellerophontis</span> <span class='ocrx_word' id='word_1_153' title='bbox 857 3331 1083 3380; x_wconf 74' lang='lat' dir='ltr'>Historia.</span> <span class='ocrx_word' id='word_1_154' title='bbox 1113 3331 1172 3377; x_wconf 86' lang='lat' dir='ltr'>B.</span> <span class='ocrx_word' id='word_1_155' title='bbox 1238 3330 1309 3377; x_wconf 80' lang='lat' dir='ltr'>Ex</span> <span class='ocrx_word' id='word_1_156' title='bbox 1329 3327 1536 3375; x_wconf 75' lang='lat' dir='ltr'>liliati-6.</span> <span class='ocrx_word' id='word_1_157' title='bbox 1597 3325 1747 3373; x_wconf 76' lang='lat' dir='ltr'>solent.</span> <span class='ocrx_word' id='word_1_158' title='bbox 1778 3325 1891 3373; x_wconf 86' lang='lat' dir='ltr'>Vet.</span> <span class='ocrx_word' id='word_1_159' title='bbox 1925 3323 2078 3372; x_wconf 84' lang='lat' dir='ltr'>Schol.</span> <span class='ocrx_word' id='word_1_160' title='bbox 2112 3323 2387 3371; x_wconf 81' lang='lat' dir='ltr'>Proverbisli</span> <span class='ocrx_word' id='word_1_161' title='bbox 2408 3323 2581 3371; x_wconf 83' lang='lat' dir='ltr'>scilicet</span> <span class='ocrx_word' id='word_1_162' title='bbox 2601 3323 2755 3372; x_wconf 81' lang='lat' dir='ltr'>Sche-</span> 
     </span>
     <span class='ocr_line' id='line_1_30' title="bbox 402 3386 2752 3464; baseline -0.008 -11"><span class='ocrx_word' id='word_1_163' title='bbox 402 3416 515 3464; x_wconf 82' lang='lat'>155.</span> <span class='ocrx_word' id='word_1_164' title='bbox 578 3399 805 3455; x_wconf 80' lang='lat' dir='ltr'>Breviter,</span> <span class='ocrx_word' id='word_1_165' title='bbox 833 3413 970 3459; x_wconf 90' lang='lat' dir='ltr'>quem</span> <span class='ocrx_word' id='word_1_166' title='bbox 987 3396 1230 3459; x_wconf 80' lang='lat' dir='ltr'>perducere</span> <span class='ocrx_word' id='word_1_167' title='bbox 1252 3396 1308 3441; x_wconf 79' lang='lat' dir='ltr'>sd</span> <span class='ocrx_word' id='word_1_168' title='bbox 1329 3408 1533 3441; x_wconf 76' lang='lat' dir='ltr'>amorem</span> <span class='ocrx_word' id='word_1_169' title='bbox 1599 3403 1737 3438; x_wconf 80' lang='lat' dir='ltr'>mate.</span> <span class='ocrx_word' id='word_1_170' title='bbox 1816 3392 1870 3438; x_wconf 88' lang='lat' dir='ltr'>In</span> <span class='ocrx_word' id='word_1_171' title='bbox 1911 3393 2084 3438; x_wconf 76' lang='lat' dir='ltr'>surdior</span> <span class='ocrx_word' id='word_1_172' title='bbox 2132 3389 2261 3438; x_wconf 79' lang='lat' dir='ltr'>audit</span> <span class='ocrx_word' id='word_1_173' title='bbox 2300 3386 2542 3456; x_wconf 70' lang='grc' dir='ltr'>ὀξόμοςυ</span> <span class='ocrx_word' id='word_1_174' title='bbox 2578 3389 2752 3450; x_wconf 69' lang='lat' dir='ltr'>Figura</span> 
     </span>
    </p>
   </div>
   <div class='ocr_carea' id='block_1_7' title="bbox 395 3456 2746 3589">
    <p class='ocr_par' dir='ltr' id='par_1_8' title="bbox 395 3456 2746 3589">
     <span class='ocr_line' id='line_1_31' title="bbox 400 3456 1788 3531; baseline -0.014 -13"><span class='ocrx_word' id='word_1_175' title='bbox 400 3481 450 3517; x_wconf 87' lang='lat' dir='ltr'>et</span> <span class='ocrx_word' id='word_1_176' title='bbox 471 3480 680 3531; x_wconf 82' lang='lat' dir='ltr'>stuprum</span> <span class='ocrx_word' id='word_1_177' title='bbox 703 3462 867 3512; x_wconf 83' lang='lat' dir='ltr'>mulier</span> <span class='ocrx_word' id='word_1_178' title='bbox 885 3477 979 3509; x_wconf 89' lang='lat' dir='ltr'>non</span> <span class='ocrx_word' id='word_1_179' title='bbox 996 3470 1192 3523; x_wconf 77' lang='lat' dir='ltr'>poterat,</span> <span class='ocrx_word' id='word_1_180' title='bbox 1203 3457 1349 3520; x_wconf 83' lang='lat' dir='ltr'>stupri</span> <span class='ocrx_word' id='word_1_181' title='bbox 1365 3457 1534 3504; x_wconf 85' lang='lat' dir='ltr'>sibiin-</span> <span class='ocrx_word' id='word_1_182' title='bbox 1598 3465 1680 3502; x_wconf 89' lang='lat' dir='ltr'>est.</span> <span class='ocrx_word' id='word_1_183' title='bbox 1733 3456 1788 3501; x_wconf 90' lang='lat' dir='ltr'>B.</span> 
     </span>
     <span class='ocr_line' id='line_1_32' title="bbox 395 3517 2746 3589; baseline -0.007 -7"><span class='ocrx_word' id='word_1_184' title='bbox 395 3532 562 3582; x_wconf 81' lang='lat' dir='ltr'>tentati</span> <span class='ocrx_word' id='word_1_185' title='bbox 584 3541 778 3580; x_wconf 80' lang='lat' dir='ltr'>sccusst.</span> <span class='ocrx_word' id='word_1_186' title='bbox 839 3528 1024 3576; x_wconf 81' lang='lat' dir='ltr'>Proetus</span> <span class='ocrx_word' id='word_1_187' title='bbox 1043 3524 1197 3589; x_wconf 82' lang='lat' dir='ltr'>Jobsti</span> <span class='ocrx_word' id='word_1_188' title='bbox 1215 3538 1372 3571; x_wconf 86' lang='lat' dir='ltr'>socero</span> <span class='ocrx_word' id='word_1_189' title='bbox 1391 3521 1533 3569; x_wconf 85' lang='lat' dir='ltr'>ultio-</span> <span class='ocrx_word' id='word_1_190' title='bbox 1659 3520 1857 3567; x_wconf 71' lang='lat' dir='ltr'>Icarium</span> <span class='ocrx_word' id='word_1_191' title='bbox 1869 3517 2083 3578; x_wconf 72' lang='lat' dir='ltr'>‚absolute</span> <span class='ocrx_word' id='word_1_192' title='bbox 2103 3534 2188 3583; x_wconf 85' lang='lat' dir='ltr'>pro</span> <span class='ocrx_word' id='word_1_193' title='bbox 2208 3518 2323 3566; x_wconf 84' lang='lat' dir='ltr'>mari</span> <span class='ocrx_word' id='word_1_194' title='bbox 2344 3517 2504 3576; x_wconf 79' lang='lat' dir='ltr'>Icario,</span> <span class='ocrx_word' id='word_1_195' title='bbox 2534 3529 2591 3566; x_wconf 83' lang='lat' dir='ltr'>ut</span> <span class='ocrx_word' id='word_1_196' title='bbox 2612 3518 2746 3567; x_wconf 70' lang='lat' dir='ltr'>Inus·-</span> 
     </span>
    </p>
   </div>
   <div class='ocr_carea' id='block_1_8' title="bbox 396 3585 2746 3857">
    <p class='ocr_par' dir='ltr' id='par_1_9' title="bbox 399 3585 2025 3651">
     <span class='ocr_line' id='line_1_33' title="bbox 399 3585 2025 3651; baseline -0.011 -3"><span class='ocrx_word' id='word_1_197' title='bbox 399 3613 509 3647; x_wconf 83' lang='lat' dir='ltr'>nem</span> <span class='ocrx_word' id='word_1_198' title='bbox 529 3596 818 3646; x_wconf 71' lang='lat' dir='ltr'>commendat</span> <span class='ocrx_word' id='word_1_199' title='bbox 836 3592 980 3640; x_wconf 85' lang='lat' dir='ltr'>literis</span> <span class='ocrx_word' id='word_1_200' title='bbox 1000 3587 1419 3651; x_wconf 72' lang='lat' dir='ltr'>Bellerophonteist</span> <span class='ocrx_word' id='word_1_201' title='bbox 1453 3586 1532 3635; x_wconf 88' lang='lat' dir='ltr'>hic</span> <span class='ocrx_word' id='word_1_202' title='bbox 1593 3601 1683 3641; x_wconf 69' lang='lat' dir='ltr'>nn,</span> <span class='ocrx_word' id='word_1_203' title='bbox 1705 3585 1930 3648; x_wconf 73' lang='lat' dir='ltr'>AEgaeun.</span> <span class='ocrx_word' id='word_1_204' title='bbox 1963 3587 2025 3632; x_wconf 84' lang='lat' dir='ltr'>G.</span> 
     </span>
    </p>

    <p class='ocr_par' dir='ltr' id='par_1_10' title="bbox 401 3649 2746 3826">
     <span class='ocr_line' id='line_1_34' title="bbox 401 3649 2746 3722; baseline -0.009 -10"><span class='ocrx_word' id='word_1_205' title='bbox 401 3662 699 3719; x_wconf 57' lang='lat' dir='ltr'>chimarrum,</span> <span class='ocrx_word' id='word_1_206' title='bbox 729 3672 777 3709; x_wconf 86' lang='lat' dir='ltr'>et</span> <span class='ocrx_word' id='word_1_207' title='bbox 798 3658 884 3707; x_wconf 77' lang='lat' dir='ltr'>alia</span> <span class='ocrx_word' id='word_1_208' title='bbox 904 3655 1100 3722; x_wconf 73' lang='lat' dir='ltr'>pericula</span> <span class='ocrx_word' id='word_1_209' title='bbox 1121 3651 1295 3716; x_wconf 87' lang='lat' dir='ltr'>objicit,</span> <span class='ocrx_word' id='word_1_210' title='bbox 1314 3663 1402 3700; x_wconf 89' lang='lat' dir='ltr'>etc.</span> <span class='ocrx_word' id='word_1_211' title='bbox 1434 3652 1498 3699; x_wconf 82' lang='lat' dir='ltr'>G.</span> <span class='ocrx_word' id='word_1_212' title='bbox 1659 3657 1723 3699; x_wconf 71' lang='lat'>2²</span> <span class='ocrx_word' id='word_1_213' title='bbox 1758 3650 1919 3698; x_wconf 78' lang='lat' dir='ltr'>Adhuc</span> <span class='ocrx_word' id='word_1_214' title='bbox 1939 3654 2131 3715; x_wconf 74' lang='lat' dir='ltr'>integer.-</span> <span class='ocrx_word' id='word_1_215' title='bbox 2168 3649 2461 3714; x_wconf 72' lang='lat' dir='ltr'>zelotypiam</span> <span class='ocrx_word' id='word_1_216' title='bbox 2485 3650 2655 3711; x_wconf 68' lang='lat' dir='ltr'>puella</span> <span class='ocrx_word' id='word_1_217' title='bbox 2668 3652 2746 3700; x_wconf 74' lang='lat' dir='ltr'>in-</span> 
     </span>
     <span class='ocr_line' id='line_1_35' title="bbox 466 3717 2744 3826; baseline -0.007 -49"><span class='ocrx_word' id='word_1_218' title='bbox 466 3741 531 3786; x_wconf 82' lang='lat'>14</span> <span class='ocrx_word' id='word_1_219' title='bbox 566 3727 824 3775; x_wconf 61' lang='lat' dir='ltr'>criminibus</span> <span class='ocrx_word' id='word_1_220' title='bbox 874 3723 1011 3771; x_wconf 86' lang='lat' dir='ltr'>modo</span> <span class='ocrx_word' id='word_1_221' title='bbox 1059 3736 1143 3784; x_wconf 83' lang='lat' dir='ltr'>pro</span> <span class='ocrx_word' id='word_1_222' title='bbox 1173 3717 1533 3767; x_wconf 74' lang='lat' dir='ltr'>accusationibus</span> <span class='ocrx_word' id='word_1_223' title='bbox 1593 3725 1746 3763; x_wconf 86' lang='lat' dir='ltr'>cutere</span> <span class='ocrx_word' id='word_1_224' title='bbox 1774 3728 1979 3763; x_wconf 79' lang='lat' dir='ltr'>conatur.</span> <span class='ocrx_word' id='word_1_225' title='bbox 2046 3717 2196 3826; x_wconf 40' lang='lat' dir='ltr'>{nasi</span> <span class='ocrx_word' id='word_1_226' title='bbox 2215 3734 2306 3762; x_wconf 76' lang='lat' dir='ltr'>eus·</span> <span class='ocrx_word' id='word_1_227' title='bbox 2326 3717 2577 3764; x_wconf 64' lang='lat' dir='ltr'>demonstret</span> <span class='ocrx_word' id='word_1_228' title='bbox 2610 3718 2744 3765; x_wconf 58' lang='lat' dir='ltr'>nabi</span> 
     </span>
    </p>

    <p class='ocr_par' dir='ltr' id='par_1_11' title="bbox 396 3779 2341 3857">
     <span class='ocr_line' id='line_1_36' title="bbox 396 3779 2341 3857; baseline -0.009 -14"><span class='ocrx_word' id='word_1_229' title='bbox 396 3793 565 3857; x_wconf 73' lang='lat' dir='ltr'>posuit.</span> <span class='ocrx_word' id='word_1_230' title='bbox 1588 3792 1709 3846; x_wconf 72' lang='lat' dir='ltr'>posse</span> <span class='ocrx_word' id='word_1_231' title='bbox 1725 3783 1772 3827; x_wconf 70' lang='grc' dir='ltr'>ἐκ</span> <span class='ocrx_word' id='word_1_232' title='bbox 1785 3791 2022 3843; x_wconf 67' lang='lat' dir='ltr'>posterum.</span> <span class='ocrx_word' id='word_1_233' title='bbox 2104 3793 2166 3827; x_wconf 83' lang='lat' dir='ltr'>ct.</span> <span class='ocrx_word' id='word_1_234' title='bbox 2188 3779 2341 3828; x_wconf 81' lang='lat' dir='ltr'>Schol.</span> 
     </span>
    </p>
   </div>
   <div class='ocr_carea' id='block_1_9' title="bbox 466 3843 2741 3918">
    <p class='ocr_par' dir='ltr' id='par_1_12' title="bbox 466 3843 2741 3918">
     <span class='ocr_line' id='line_1_37' title="bbox 466 3843 2741 3918; baseline -0.006 -11"><span class='ocrx_word' id='word_1_235' title='bbox 466 3870 527 3918; x_wconf 83' lang='lat'>17</span> <span class='ocrx_word' id='word_1_236' title='bbox 562 3857 728 3906; x_wconf 87' lang='lat' dir='ltr'>Peleus</span> <span class='ocrx_word' id='word_1_237' title='bbox 765 3856 925 3903; x_wconf 82' lang='lat' dir='ltr'>eadem</span> <span class='ocrx_word' id='word_1_238' title='bbox 979 3853 1035 3899; x_wconf 85' lang='lat' dir='ltr'>ab</span> <span class='ocrx_word' id='word_1_239' title='bbox 1068 3847 1328 3913; x_wconf 78' lang='lat' dir='ltr'>Hippolyta</span> <span class='ocrx_word' id='word_1_240' title='bbox 1378 3846 1538 3895; x_wconf 83' lang='lat' dir='ltr'>Acasti</span> <span class='ocrx_word' id='word_1_241' title='bbox 1668 3843 1731 3895; x_wconf 84' lang='lat'>26</span> <span class='ocrx_word' id='word_1_242' title='bbox 1769 3846 1982 3894; x_wconf 70' lang='lat' dir='ltr'>Gra-uine</span> <span class='ocrx_word' id='word_1_243' title='bbox 2009 3844 2203 3893; x_wconf 74' lang='lat' dir='ltr'>Martio.</span> <span class='ocrx_word' id='word_1_244' title='bbox 2265 3845 2389 3894; x_wconf 82' lang='lat' dir='ltr'>vide</span> <span class='ocrx_word' id='word_1_245' title='bbox 2409 3860 2515 3908; x_wconf 61' lang='grc' dir='ltr'>φιτ</span> <span class='ocrx_word' id='word_1_246' title='bbox 2535 3845 2741 3895; x_wconf 75' lang='lat' dir='ltr'>diximus</span> 
     </span>
    </p>
   </div>
   <div class='ocr_carea' id='block_1_10' title="bbox 395 3908 2741 4117">
    <p class='ocr_par' dir='ltr' id='par_1_13' title="bbox 395 3908 2741 4117">
     <span class='ocr_line' id='line_1_38' title="bbox 395 3908 1874 3985; baseline -0.011 -13"><span class='ocrx_word' id='word_1_247' title='bbox 395 3939 539 3973; x_wconf 86' lang='lat' dir='ltr'>uxore</span> <span class='ocrx_word' id='word_1_248' title='bbox 572 3937 727 3985; x_wconf 78' lang='lat' dir='ltr'>passus</span> <span class='ocrx_word' id='word_1_249' title='bbox 748 3933 834 3978; x_wconf 84' lang='lat' dir='ltr'>est,</span> <span class='ocrx_word' id='word_1_250' title='bbox 866 3935 970 3983; x_wconf 80' lang='lat' dir='ltr'>quae</span> <span class='ocrx_word' id='word_1_251' title='bbox 1000 3914 1300 3978; x_wconf 83' lang='lat' dir='ltr'>Bellerophon</span> <span class='ocrx_word' id='word_1_252' title='bbox 1321 3929 1347 3960; x_wconf 84' lang='lat' dir='ltr'>a</span> <span class='ocrx_word' id='word_1_253' title='bbox 1369 3912 1539 3960; x_wconf 83' lang='lat' dir='ltr'>Sthen-</span> <span class='ocrx_word' id='word_1_254' title='bbox 1601 3912 1670 3959; x_wconf 81' lang='lat' dir='ltr'>sd.</span> <span class='ocrx_word' id='word_1_255' title='bbox 1695 3925 1738 3959; x_wconf 88' lang='lat'>1.</span> <span class='ocrx_word' id='word_1_256' title='bbox 1761 3908 1806 3958; x_wconf 87' lang='lat'>8.</span> <span class='ocrx_word' id='word_1_257' title='bbox 1829 3909 1874 3957; x_wconf 89' lang='lat'>8.</span> 
     </span>
     <span class='ocr_line' id='line_1_39' title="bbox 396 3975 2712 4042; baseline -0.007 -4"><span class='ocrx_word' id='word_1_258' title='bbox 396 3990 541 4038; x_wconf 61' lang='grc' dir='ltr'>οὔατα.</span> <span class='ocrx_word' id='word_1_259' title='bbox 585 3988 644 4035; x_wconf 85' lang='grc' dir='ltr'>Β.</span> <span class='ocrx_word' id='word_1_260' title='bbox 710 3987 818 4035; x_wconf 83' lang='lat' dir='ltr'>vid.</span> <span class='ocrx_word' id='word_1_261' title='bbox 850 3985 1003 4035; x_wconf 85' lang='lat' dir='ltr'>Schol.</span> <span class='ocrx_word' id='word_1_262' title='bbox 1034 3983 1090 4030; x_wconf 83' lang='lat' dir='ltr'>sd</span> <span class='ocrx_word' id='word_1_263' title='bbox 1124 3978 1360 4042; x_wconf 87' lang='lat' dir='ltr'>Aristoph.</span> <span class='ocrx_word' id='word_1_264' title='bbox 1409 3979 1538 4025; x_wconf 84' lang='lat' dir='ltr'>Nub.</span> <span class='ocrx_word' id='word_1_265' title='bbox 1666 3989 1734 4037; x_wconf 81' lang='lat'>30</span> <span class='ocrx_word' id='word_1_266' title='bbox 1762 3977 1853 4023; x_wconf 83' lang='lat' dir='ltr'>Des</span> <span class='ocrx_word' id='word_1_267' title='bbox 1886 3978 1962 4032; x_wconf 72' lang='grc' dir='ltr'>ἔτι,</span> <span class='ocrx_word' id='word_1_268' title='bbox 1978 3977 2167 4022; x_wconf 67' lang='grc' dir='ltr'>ὀισπ-ιη·</span> <span class='ocrx_word' id='word_1_269' title='bbox 2185 3977 2388 4038; x_wconf 76' lang='lat' dir='ltr'>aspicias.</span> <span class='ocrx_word' id='word_1_270' title='bbox 2418 3976 2533 4023; x_wconf 87' lang='lat' dir='ltr'>Vet.</span> <span class='ocrx_word' id='word_1_271' title='bbox 2553 3975 2712 4026; x_wconf 75' lang='lat' dir='ltr'>Schol-</span> 
     </span>
     <span class='ocr_line' id='line_1_40' title="bbox 424 4041 2741 4117; baseline -0.006 -14"><span class='ocrx_word' id='word_1_272' title='bbox 424 4066 540 4117; x_wconf 80' lang='lat'>059.</span> <span class='ocrx_word' id='word_1_273' title='bbox 573 4055 637 4100; x_wconf 83' lang='lat' dir='ltr'>G.</span> <span class='ocrx_word' id='word_1_274' title='bbox 1660 4054 1725 4103; x_wconf 76' lang='lat'>32</span> <span class='ocrx_word' id='word_1_275' title='bbox 1761 4041 1828 4087; x_wconf 80' lang='lat' dir='ltr'>Di</span> <span class='ocrx_word' id='word_1_276' title='bbox 1899 4042 1970 4088; x_wconf 73' lang='lat' dir='ltr'>ilis</span> <span class='ocrx_word' id='word_1_277' title='bbox 1993 4058 2116 4087; x_wconf 67' lang='lat' dir='ltr'>nane</span> <span class='ocrx_word' id='word_1_278' title='bbox 2128 4061 2147 4094; x_wconf 82' lang='lat'>,-</span> <span class='ocrx_word' id='word_1_279' title='bbox 2185 4041 2389 4088; x_wconf 72' lang='lat' dir='ltr'>debuerat</span> <span class='ocrx_word' id='word_1_280' title='bbox 2426 4041 2653 4089; x_wconf 67' lang='lat' dir='ltr'>Horatius·</span> <span class='ocrx_word' id='word_1_281' title='bbox 2672 4045 2741 4090; x_wconf 66' lang='grc' dir='ltr'>ὒ-</span> 
     </span>
    </p>
   </div>
   <div class='ocr_carea' id='block_1_11' title="bbox 459 4105 2733 4186">
    <p class='ocr_par' dir='ltr' id='par_1_14' title="bbox 459 4105 2733 4186">
     <span class='ocr_line' id='line_1_41' title="bbox 459 4105 2733 4186; baseline -0.004 -20"><span class='ocrx_word' id='word_1_282' title='bbox 459 4118 523 4169; x_wconf 79' lang='lat'>18</span> <span class='ocrx_word' id='word_1_283' title='bbox 557 4117 788 4167; x_wconf 72' lang='lat' dir='ltr'>Abstineas</span> <span class='ocrx_word' id='word_1_284' title='bbox 803 4116 897 4179; x_wconf 78' lang='lat' dir='ltr'>jam</span> <span class='ocrx_word' id='word_1_285' title='bbox 920 4128 1001 4177; x_wconf 83' lang='lat' dir='ltr'>pro</span> <span class='ocrx_word' id='word_1_286' title='bbox 1026 4111 1264 4186; x_wconf 58' lang='lat' dir='ltr'>qoutineus.</span> <span class='ocrx_word' id='word_1_287' title='bbox 1594 4125 1684 4154; x_wconf 81' lang='lat' dir='ltr'>cere</span> <span class='ocrx_word' id='word_1_288' title='bbox 1702 4108 1877 4162; x_wconf 68' lang='lat' dir='ltr'>duram,</span> <span class='ocrx_word' id='word_1_289' title='bbox 1905 4106 2020 4153; x_wconf 74' lang='lat' dir='ltr'>dura</span> <span class='ocrx_word' id='word_1_290' title='bbox 2040 4123 2176 4152; x_wconf 76' lang='lat' dir='ltr'>mane.</span> <span class='ocrx_word' id='word_1_291' title='bbox 2241 4105 2546 4169; x_wconf 80' lang='lat' dir='ltr'>Tsnsquillus</span> <span class='ocrx_word' id='word_1_292' title='bbox 2568 4107 2733 4156; x_wconf 74' lang='lat' dir='ltr'>Faber.</span> 
     </span>
    </p>
   </div>
   <div class='ocr_carea' id='block_1_12' title="bbox 387 4170 2735 4317">
    <p class='ocr_par' dir='ltr' id='par_1_15' title="bbox 387 4170 2735 4317">
     <span class='ocr_line' id='line_1_42' title="bbox 461 4170 2735 4248; baseline -0.005 -16"><span class='ocrx_word' id='word_1_293' title='bbox 461 4197 525 4248; x_wconf 80' lang='lat'>19</span> <span class='ocrx_word' id='word_1_294' title='bbox 557 4185 759 4237; x_wconf 74' lang='lat' dir='ltr'>Pectus-e,</span> <span class='ocrx_word' id='word_1_295' title='bbox 808 4182 865 4228; x_wconf 84' lang='lat' dir='ltr'>sd</span> <span class='ocrx_word' id='word_1_296' title='bbox 915 4178 1145 4244; x_wconf 72' lang='lat' dir='ltr'>perfidum</span> <span class='ocrx_word' id='word_1_297' title='bbox 1177 4189 1226 4224; x_wconf 84' lang='lat' dir='ltr'>et</span> <span class='ocrx_word' id='word_1_298' title='bbox 1256 4173 1530 4223; x_wconf 71' lang='lat' dir='ltr'>adulterium</span> <span class='ocrx_word' id='word_1_299' title='bbox 1596 4172 1733 4220; x_wconf 88' lang='lat' dir='ltr'>Unde</span> <span class='ocrx_word' id='word_1_300' title='bbox 1766 4171 1893 4219; x_wconf 85' lang='lat' dir='ltr'>novit</span> <span class='ocrx_word' id='word_1_301' title='bbox 1927 4171 2087 4227; x_wconf 77' lang='lat' dir='ltr'>Faber,</span> <span class='ocrx_word' id='word_1_302' title='bbox 2116 4170 2224 4234; x_wconf 90' lang='lat' dir='ltr'>quid</span> <span class='ocrx_word' id='word_1_303' title='bbox 2261 4171 2467 4218; x_wconf 86' lang='lat' dir='ltr'>debuerit</span> <span class='ocrx_word' id='word_1_304' title='bbox 2500 4171 2735 4222; x_wconf 74' lang='lat' dir='ltr'>Horatius</span> 
     </span>
     <span class='ocr_line' id='line_1_43' title="bbox 387 4234 2734 4317; baseline -0.006 -18"><span class='ocrx_word' id='word_1_305' title='bbox 387 4251 663 4317; x_wconf 76' lang='lat' dir='ltr'>pellicentes.</span> <span class='ocrx_word' id='word_1_306' title='bbox 700 4249 765 4296; x_wconf 81' lang='lat' dir='ltr'>Z.</span> <span class='ocrx_word' id='word_1_307' title='bbox 1592 4234 1773 4285; x_wconf 80' lang='lat' dir='ltr'>dicere?</span> <span class='ocrx_word' id='word_1_308' title='bbox 1811 4235 2093 4284; x_wconf 80' lang='lat' dir='ltr'>Crediderim</span> <span class='ocrx_word' id='word_1_309' title='bbox 2136 4251 2241 4283; x_wconf 85' lang='lat' dir='ltr'>eum</span> <span class='ocrx_word' id='word_1_310' title='bbox 2277 4236 2464 4284; x_wconf 81' lang='lat' dir='ltr'>sensisse</span> <span class='ocrx_word' id='word_1_311' title='bbox 2494 4239 2653 4285; x_wconf 68' lang='lat' dir='ltr'>duras·</span> <span class='ocrx_word' id='word_1_312' title='bbox 2683 4249 2734 4285; x_wconf 83' lang='lat' dir='ltr'>et</span> 
     </span>
    </p>
   </div>
   <div class='ocr_carea' id='block_1_13' title="bbox 388 4302 2734 4509">
    <p class='ocr_par' dir='ltr' id='par_1_16' title="bbox 388 4302 2734 4509">
     <span class='ocr_line' id='line_1_44' title="bbox 456 4302 2734 4373; baseline -0.007 -8"><span class='ocrx_word' id='word_1_313' title='bbox 456 4329 522 4367; x_wconf 62' lang='grc' dir='ltr'>πο</span> <span class='ocrx_word' id='word_1_314' title='bbox 552 4315 748 4368; x_wconf 78' lang='lat' dir='ltr'>Fallax,-</span> <span class='ocrx_word' id='word_1_315' title='bbox 797 4310 850 4358; x_wconf 79' lang='lat' dir='ltr'>h.</span> <span class='ocrx_word' id='word_1_316' title='bbox 881 4325 922 4358; x_wconf 89' lang='lat' dir='ltr'>e.</span> <span class='ocrx_word' id='word_1_317' title='bbox 964 4308 1127 4373; x_wconf 80' lang='lat' dir='ltr'>pellax,</span> <span class='ocrx_word' id='word_1_318' title='bbox 1176 4322 1311 4371; x_wconf 78' lang='lat' dir='ltr'>supra</span> <span class='ocrx_word' id='word_1_319' title='bbox 1341 4306 1528 4370; x_wconf 67' lang='lat' dir='ltr'>vafru-</span> <span class='ocrx_word' id='word_1_320' title='bbox 1590 4302 1800 4369; x_wconf 53' lang='lat' dir='ltr'>difficiles·</span> <span class='ocrx_word' id='word_1_321' title='bbox 1820 4302 2147 4349; x_wconf 81' lang='lat' dir='ltr'>idemsonsre:</span> <span class='ocrx_word' id='word_1_322' title='bbox 2183 4302 2262 4349; x_wconf 85' lang='lat' dir='ltr'>sed</span> <span class='ocrx_word' id='word_1_323' title='bbox 2280 4302 2419 4350; x_wconf 76' lang='lat' dir='ltr'>falsus</span> <span class='ocrx_word' id='word_1_324' title='bbox 2439 4313 2523 4351; x_wconf 79' lang='lat' dir='ltr'>est.</span> <span class='ocrx_word' id='word_1_325' title='bbox 2590 4304 2734 4351; x_wconf 72' lang='lat' dir='ltr'>Dm</span> 
     </span>
     <span class='ocr_line' id='line_1_45' title="bbox 388 4366 2725 4434; baseline -0.009 -1"><span class='ocrx_word' id='word_1_326' title='bbox 388 4382 522 4433; x_wconf 78' lang='lat' dir='ltr'>dixit.</span> <span class='ocrx_word' id='word_1_327' title='bbox 1590 4366 2725 4434; x_wconf 59' lang='lat' dir='ltr'>estquaesensunmoriscsreudeffidlisautem</span> 
     </span>
     <span class='ocr_line' id='line_1_46' title="bbox 457 4433 2030 4509; baseline -0.011 -12"><span class='ocrx_word' id='word_1_328' title='bbox 457 4447 615 4497; x_wconf 76' lang='lat' dir='ltr'>Monet</span> <span class='ocrx_word' id='word_1_329' title='bbox 655 4444 753 4509; x_wconf 82' lang='lat' dir='ltr'>jam</span> <span class='ocrx_word' id='word_1_330' title='bbox 800 4456 883 4505; x_wconf 80' lang='lat' dir='ltr'>pro</span> <span class='ocrx_word' id='word_1_331' title='bbox 914 4438 1125 4489; x_wconf 85' lang='lat' dir='ltr'>meminit</span> <span class='ocrx_word' id='word_1_332' title='bbox 1169 4436 1240 4487; x_wconf 80' lang='lat' dir='ltr'>vel</span> <span class='ocrx_word' id='word_1_333' title='bbox 1289 4447 1527 4486; x_wconf 71' lang='lat' dir='ltr'>memorat.</span> <span class='ocrx_word' id='word_1_334' title='bbox 1589 4433 1842 4483; x_wconf 77' lang='lat' dir='ltr'>amantibus</span> <span class='ocrx_word' id='word_1_335' title='bbox 1863 4447 2030 4496; x_wconf 76' lang='lat' dir='ltr'>aspera.</span> 
     </span>
    </p>
   </div>
  </div>
 </body>
</html>
