3000 4979
941 800 1042 889 J.
1104 800 1232 886 M.
1294 798 1843 888 GESNERI

1109 1104 1654 1175 PRAEFATIO.

230 1424 461 1500 Anno
495 1421 594 1501 ab
630 1419 973 1495 omnibus
1004 1421 1188 1496 'inde
1222 1421 1511 1497 soeculis
1551 1433 1981 1521 sategerunt
2012 1423 2211 1499 circa
2249 1422 2543 1505 Horatii

232 1546 479 1623 Flacci
530 1544 862 1643 Eclogas
897 1544 1241 1637 Librarii,
1289 1547 1773 1645 Interpretes,
1829 1546 2120 1637 Critici,
2185 1560 2269 1621 ut
2317 1548 2548 1649 possit

231 1671 459 1748 ‘homo
512 1672 861 1770 diligens,
913 1671 1037 1757 eui
1074 1670 1566 1748 Bibliothecae
1620 1683 1946 1770 pateant,
1999 1672 2216 1749 facile
2276 1671 2544 1765 librum

240 1797 688 1876 mediocrem
721 1797 843 1875 vel
895 1797 1048 1875 sola
1098 1796 1315 1896 hujus
1352 1797 1606 1885 Poetae
1657 1798 2063 1885 enarranda
2111 1797 2415 1891 historia
2458 1796 2547 1871 li-

239 1922 493 1996 teraria
527 1920 864 2020 implere.
2133 1912 2138 1916 ⁸
2496 2006 2502 2015 ⁵

319 2045 424 2121 Et
454 2057 748 2134 tamen,
799 2043 999 2143 quod
1034 2044 1191 2119 sine
1224 2044 1491 2146 injuria
1539 2044 1973 2144 cujusquam
2015 2044 2343 2122 ‘hominis
2376 2046 2546 2125 sitn-

206 2169 676 2269 .pliciterque
732 2167 1037 2243 dictum·
1075 2167 1441 2258 volumus,
1493 2169 1954 2244 desideratur
1987 2193 2031 2241 a
2067 2166 2316 2241 multis
2365 2168 2543 2249 inde

224 2297 437 2371 annis
508 2295 745 2371 editio
812 2319 978 2392 quae
1044 2296 1361 2393 primum
1428 2297 1654 2371 verba
1722 2295 2104 2385 Auctoris,
2182 2307 2544 2391 quantum

222 2431 504 2520 potest,
556 2420 851 2517 integra
881 2432 1104 2518 atque
1139 2419 1535 2506 emendata
1585 2429 2092 2518 repraesentet,
2142 2441 2387 2518 neque
2428 2442 2550 2493 su-

219 2545 541 2644 perieris
591 2545 948 2625 barbariei
987 2544 1178 2620 vit-iis
1228 2545 1566 2638 horrida,=
1599 2569 1844 2645 neque
1890 2547 2150 2620 eadem
2186 2558 2547 2645 „corrupta

212 2684 303 2747 ,εἰ
335 2671 789 2770 interpolata
823 2697 865 2745 a
901 2671 1220 2746 criticis,

207 2805 215 2812 '
333 2794 559 2882 Quod
582 2807 681 2869 ‘ut
699 2793 1019 2892 judicari
1049 2795 1306 2871 melius
1331 2796 1589 2894 possit,
1616 2795 1835 2894 adjici
1864 2797 2209 2894 optabam
2230 2795 2546 2871 varieta-

226 2929 383 2996 tem
441 2918 818 3008 lectioniS,
870 2918 1019 2993 sive
1057 2920 1148 2994 ab
1185 2918 1505 3019 antiquis
1554 2918 1864 2993 librariis
1918 2946 2004 2995 ea
2055 2920 2388 3019 profecta
2420 2921 2539 3009 sit,

206 3043 388 3117 ,sive
457 3067 506 3115 a
569 3042 1067 3117 recentiorum
1144 3042 1526 3117 hominum
1597 3043 1891 3116 invecta
1958 3045 2304 3140 ingeniiS,
2387 3071 2543 3121 non

214 3188 549 3241 »omnem
582 3164 780 3242 illam
839 3165 1167 3265 quidem,
1221 3165 1420 3264 quod
1471 3163 1838 3240 infinitum
1894 3177 2032 3254 est,
2085 3180 2162 3240 et
2203 3167 2279 3238 in
2315 3166 2539 3258 libre,

214 3288 529 3388 qualem
588 3289 708 3363 bic
766 3288 1273 3379 describimus,
1334 3312 1486 3362 non
1547 3287 2087 3380 necessarium3
2160 3287 2290 3364 sed
2343 3312 2539 3380 eam,

216 3441 393 3514 quae
428 3412 552 3489 vel
590 3412 1029 3487 sententiam
1070 3411 1346 3499 Poetae,
1397 3409 1515 3485 vel
1551 3421 1870 3486 veterem
1911 3408 2538 3511 Orthographiam

222 3549 489 3625 mutet,
545 3535 663 3610 vel
701 3534 901 3612 aliud
936 3534 1407 3610 memorabile
1443 3535 1731 3622 habeat,
1778 3534 1977 3633 quod
2013 3560 2163 3609 non
2197 3536 2537 3640 ignorare

223 3662 406 3738 velit
473 3657 741 3758 aliquis
826 3658 1295 3733 mediocriter
1369 3657 1631 3731 horum
1701 3657 2106 3733 studiorum
2181 3659 2534 3733 curiosus.

225 3785 591 3883 Nam‘qui
645 3781 871 3883 plane
901 3807 976 3857 se
1014 3780 1155 3855 illis
1207 3781 1586 3871 dedidere,
1637 3780 1749 3858 his
1801 3779 1983 3854 nihil
2034 3780 2345 3854 nimium
2398 3791 2538 3858 est.

229 3910 401 3987 Hoc
436 3911 671 4010 igitur
706 3909 1018 3985 alterum
1056 3921 1238 4000 erat,
1291 3909 1490 4009 quod
1528 3907 2013 4008 requirebam.

318 4036 679 4134 Denique
733 4058 905 4108 cum
930 4085 935 4090 -
959 4032 1280 4133 plurimi,
1331 4032 1512 4132 quin
1546 4031 1879 4131 plerique
1915 4030 2062 4103 sint
2100 4029 2537 4116 Horatianae

226 4158 619 4259 elegantiae
671 4156 1011 4247 studiosi,
1064 4157 1189 4256 qui
1250 4155 1368 4230 vel
1416 4180 1551 4254 per
1599 4165 1926 4242 aetatem,
1978 4152 2096 4226 vel
2145 4177 2277 4250 per
2327 4176 2540 4249 quas·

240 4306 525 4383 cunque
558 4281 740 4357 alias
772 4281 948 4356 vitae
983 4306 1132 4355 suae
1166 4281 1512 4370 rationeS,
1563 4302 1712 4353 non
1748 4278 2029 4376 possint
2064 4277 2234 4350 satis
2267 4273 2540 4347 intelli·

245 4428 399 4502 gere
432 4418 769 4508 poetam,
824 4417 1251 4500 novatorem
1285 4405 1365 4480 in
1399 4402 1648 4504 ver-bis*
1692 4424 2250 4504 nonnunquam,
2301 4395 2540 4478 multa
