3000 4979
906 305 1464 381 SERMONUM
1512 307 1664 376 Lm.
1701 312 1792 378 11.
1847 324 1903 379 l.
2447 327 2572 393 371

325 496 412 552 30
501 485 622 552 Ille
653 484 828 550 velut
856 474 1006 553 fidis
1034 507 1272 553 areana
1299 484 1626 552 sodalibus
1652 484 1809 550 olim

507 596 834 663 Credebat
852 595 1082 671 libriss
1142 617 1375 682 neque,
1420 595 1475 660 si
1505 594 1674 661 male
1701 610 2002 683 gesserat,
2048 622 2316 687 usquam

502 707 880 773 Decurrens
909 706 1058 784 alio,
1104 693 1315 794 neque
1344 706 1398 771 si
1427 706 1630 784 bene3
1689 729 1819 794 quo
1848 707 1946 788 fit,
1993 722 2067 775 ut
2093 713 2305 777 omnis

506 818 744 884 Votiva
775 831 993 905 pateat
1020 817 1215 884 veluti
1243 817 1570 904 descripta
1596 817 1835 883 tabella

501 929 656 994 Vita
684 929 876 995 senis.
926 930 1176 1015 Sequor
1203 928 1401 1006 hunc,
1439 928 1747 994 Lucanus
1777 952 1863 994 an
1893 930 2216 1017 AppuluS,
2247 956 2517 1022 anceps:

330 1051 414 1107 35
506 1042 675 1107 Nam
710 1041 1077 1106 Venusinus
1107 1054 1250 1108 arat
1280 1040 1478 1106 finem
1510 1039 1632 1105 sub
1662 1052 2006 1128 utrumque
2036 1042 2306 1110 colonus

512 1152 757 1218 Missus
785 1151 868 1216 ad
900 1152 1044 1230 hoc,
1099 1150 1299 1236 pulsis
1332 1156 1540 1235 (vetus
1569 1161 1670 1216 est
1698 1166 1771 1216 ut
1797 1151 1995 1233 fama)
2030 1153 2325 1235 Sabellis,

515 1262 670 1338 Quo
702 1286 784 1329 ne
814 1284 932 1347 per
962 1282 1233 1326 vacuum
1273 1261 1575 1326 Romano
1605 1261 1961 1327 incurreret
1987 1261 2232 1330 hostis:

520 1373 667 1439 Sive
696 1372 872 1459 quod
903 1370 1171 1457 Appula
1198 1393 1380 1459 gem,
1428 1392 1543 1437 seu
1574 1370 1748 1457 quod
1781 1370 2074 1439 Lucania
2099 1374 2340 1441 bellum

518 1482 844 1549 Incuteret
872 1483 1173 1548 violenta.
1265 1481 1395 1547 Sed
1424 1481 1534 1546 hie
1564 1481 1745 1547 stilus
1773 1482 1949 1548 baud
1977 1498 2153 1569 petet
2179 1486 2356 1555 ultro

339 1602 430 1656 40
519 1592 931 1680 Quemquam
962 1595 1399 1669 animantem3
1450 1605 1519 1659 et
1545 1615 1648 1657 me
1678 1592 1874 1659 veluti
1905 1596 2221 1663 custodiet
2248 1598 2419 1664 ensis

522 1703 776 1791 Vagina
804 1716 1050 1780 tectus;
1112 1725 1306 1791 quem
1334 1724 1450 1768 cur
1478 1701 1874 1791 destringere
1902 1727 2117 1783 coner,

525 1813 735 1879 Tutus
766 1814 848 1881 ab
878 1814 1124 1879 infestis
1156 1812 1564 1889 latronibus?
1655 1813 1720 1878 O
1749 1827 1932 1899 pater
1962 1829 2027 1880 et
2057 1838 2173 1883 rex

522 1922 566 1988 J
570 1925 845 2008 uppiter,
892 1939 965 1991 ut
993 1938 1216 2010 pereat
1243 1926 1523 2010 positum
1556 1925 1856 2013 rubigine
1884 1927 2103 2005 telum,

521 2031 665 2100 Nec
697 2035 1029 2121 quisquam
1065 2051 1294 2101 noceat
1322 2036 1564 2122 cupido
1590 2036 1749 2101 mihi
1780 2039 1957 2123 pacis
1986 2036 2002 2103 l
2054 2050 2122 2104 at
2150 2037 2261 2102 ille

348 2150 436 2206 45
529 2142 666 2218 Qui
695 2167 798 2211 me
829 2144 1190 2225 commorit,
1246 2146 1516 2233 (Melius
1544 2168 1676 2211 non
1711 2160 1972 2236 tangere
2001 2146 2017 2214 Ι
2066 2148 2301 2228 clamo)

255 2346 321 2394 31
360 2347 555 2393 gesserat
585 2354 696 2384 ann.
734 2337 975 2387 Lan-binus
1011 2342 1104 2388 sine
1133 2341 1389 2388 auctoritate
1420 2352 1638 2388 cesseratt
1684 2339 1800 2405 qnod
1863 2341 1976 2389 tacet
2009 2341 2141 2386 etiam
2181 2340 2293 2385 Nic.
2329 2336 2514 2386 Heinsio
2549 2337 2615 2384 ad

260 2454 265 2457 ⁷
333 2399 467 2447 Ovid.
486 2403 616 2449 Fau.
637 2415 682 2450 2.
704 2400 815 2461 380.
835 2414 877 2452 ee
901 2405 1011 2453 Cure.
1038 2418 1229 2454 cesserat
1249 2421 1451 2470 unquam
1480 2408 1612 2453 Glar.
1630 2417 1674 2454 ee
1697 2408 1810 2453 Lam
1843 2438 1857 2451 .
2003 2402 2067 2464 36
2089 2404 2264 2451 Sabinis
2288 2401 2399 2451 Sax.
2548 2398 2611 2463 ,ἡ

327 2465 578 2528 inquireret
606 2467 714 2514 Ven.
738 2480 881 2532 1479.
911 2470 1039 2518 Med.
1060 2468 1203 2529 1482.
1228 2473 1350 2530 Veii.
1373 2467 1520 2531 1486.
1659 2484 1722 2529 41
1748 2469 2014 2532 distringere
2039 2471 2151 2519 Va.
2176 2470 2306 2519 Glar.
2432 2481 2498 2530 43
2520 2469 2615 2517 fer-

331 2546 440 2578 rum
465 2532 533 2580 H.
557 2532 760 2595 robigine
780 2536 932 2584 Bentl-

244 2684 360 2751 [υἷε
397 2686 505 2733 enin·
540 2687 720 2752 Magni
754 2687 954 2752 Pompeii
982 2707 1109 2736 avus.
1139 2685 1255 2752 [imo
1276 2704 1419 2736 avun·
1549 2700 1613 2747 34
1643 2687 1854 2738 Lucilius
1871 2687 2038 2736 saeculo
2061 2707 2184 2736 senex
2206 2698 2319 2744 erat,
2336 2701 2429 2733 non
2451 2696 2585 2734 aetate
2602 2700 2618 2732 ε
2655 2701 2661 2714 ¹

267 2749 406 2798 culus
443 2766 649 2811 magnus.
681 2753 796 2800 vid.
819 2752 894 2800 hic
918 2769 962 2798 v.
987 2766 1009 2813 7
1014 2768 1062 2813 5.
1094 2766 1141 2800 et
1174 2754 1228 2799 ad
1252 2754 1349 2800 Ser.
1372 2768 1420 2802 1.
1483 2768 1632 2815 neque
1653 2753 1778 2800 enim‘
1812 2770 2120 2816 supergressus
2139 2765 2208 2800 est
2228 2750 2618 2815 quadragesimum

270 2828 353 2863 ιο.
381 2813 449 2879 1.]
482 2818 596 2864 Vet.
619 2817 770 2865 Schol.
793 2818 936 2881 Cruq.
957 2821 1059 2867 Imo
1092 2830 1138 2866 et
1172 2817 1421 2880 simplicio·
1482 2830 1664 2867 sextum
1705 2818 1851 2867 aetatis
1886 2834 2082 2868 anuum:
2123 2818 2345 2880 siquidem
2382 2835 2496 2864 senes
2532 2814 2623 2863 dici

264 2883 334 2928 ris
369 2892 563 2943 utroque
596 2880 835 2941 nostrfim;
869 2899 973 2930 nam
1006 2899 1154 2946 neque
1178 2899 1262 2942 ego
1284 2896 1421 2946 atque
1485 2896 1691 2946 possunt,
1722 2896 1769 2932 et
1790 2894 1965 2932 veteres.

269 2958 324 2994 tu
349 2945 459 2993 vitia
479 2958 634 2994 nostra
654 2959 803 3009 aperte
821 2948 1134 3004 scriberemus,
1152 2961 1203 2994 ut
1222 2948 1296 2994 ille
1314 2964 1411 2996 sua.
1536 2948 1746 2996 Lucanus
1769 2967 1827 2995 an
1849 2949 2054 3013 Appulus
2071 2971 2088 3004 ,·
2129 2947 2269 2994 libere
2290 2946 2533 3009 profitetur
2552 2942 2624 3005 ig-

268 3011 340 3059 Et
364 3024 541 3058 mecum
563 3011 675 3060 facit
697 3012 946 3075 Cruquius,
966 3014 1034 3061 vir
1056 3011 1270 3072 elegantis
1283 3013 1411 3075 judi·
1473 3012 1761 3061 nobilitatem
1795 3029 1923 3061 suam
1945 3031 1959 3062 ι
1995 3016 2170 3061 Omnes
2202 3013 2324 3059 enim
2360 3010 2510 3059 Italici
2542 3025 2622 3070 ge·

270 3075 356 3123 cii.
420 3076 579 3124 Subest
599 3077 736 3137 igitur
754 3078 991 3125 vaferrime
1012 3078 1213 3138 Dilogia.
1475 3077 1597 3126 neris
1630 3078 1797 3125 Romae
1830 3090 1959 3126 erant
1993 3077 2229 3138 ignobiles.
2292 3077 2529 3123 Extenuat
2549 3086 2624 3122 ta-

349 3150 412 3197 3ο
446 3141 708 3202 Velnfidis,
736 3144 810 3191 hoc
831 3145 1026 3191 Lucilius
1050 3161 1107 3191 ex
1140 3144 1411 3191 Anacreonte
1475 3159 1580 3190 rnen
1603 3142 1932 3204 ignobilitatem
1950 3143 2071 3190 hanc
2088 3143 2197 3190 dum
2220 3142 2420 3190 ostendit
2436 3157 2483 3188 se
2499 3139 2628 3188 colo-

277 3205 440 3253 (ἕνεκα
452 3209 596 3253 traxit
612 3221 654 3255 et
673 3208 821 3256 Alcaeo
834 3227 931 3271 quos
948 3213 1012 3256 ait
1030 3211 1319 3256 Aristoxenus
1336 3210 1425 3255 Le·-
1488 3224 1603 3257 num
1627 3209 1908 3257 Romanum.

272 3269 376 3319 brit
387 3273 581 3334 propriis
595 3276 691 3319 vice
704 3277 931 3320 amicorum
950 3293 1041 3321 usos
1056 3274 1209 3335 fnisse.
1227 3275 1339 3320 Vet.
1352 3275 1425 3321 Sc.
1556 3271 1619 3333 36
1654 3272 1829 3324 Sabellis
1845 3295 1863 3330 ,-
1900 3267 1947 3320 h-
1969 3289 2011 3320 e.
2031 3271 2328 3321 Samnitibus.

347 3346 411 3396 31
434 3335 555 3383 Cum
569 3337 744 3400 scriptis
755 3338 992 3386 Torrentii
1006 3352 1054 3387 et
1072 3339 1266 3400 Cruquii
1282 3338 1429 3387 Cocli·
1557 3351 1616 3399 37
1644 3340 1735 3385 Per
1754 3357 1937 3386 vacuam
1951 3360 1967 3392 ‚·
2003 3338 2052 3385 h.
2072 3354 2112 3385 e.
2137 3348 2220 3402 per
2241 3349 2466 3385 vacantes·
2488 3335 2638 3383 laem.

274 3400 414 3449 cibus
449 3400 695 3465 veterique
729 3403 977 3452 Scholiastc
1014 3405 1219 3451 Genera!
1250 3403 1429 3466 reposui
1492 3403 1955 3452 Vct-Sch.Vacuum
1970 3402 2135 3450 dicitur
2147 3404 2267 3466 quod
2281 3402 2501 3449 hactenus
2514 3412 2639 3448 caret

275 3481 367 3529 pro
404 3481 461 3512 eo
481 3467 600 3528 quod
624 3480 721 3515 erat
745 3469 960 3527 Cesserat,
974 3469 1265 3517 incommodo
1284 3481 1435 3527 sensu,
1495 3484 1760 3532 possessore.
1782 3470 1835 3516 Β.
1860 3469 1956 3531 Ωμο
1970 3489 2020 3516 ne
2040 3470 2161 3516 idem
2184 3480 2250 3516 est
2274 3467 2395 3530 quod
2415 3481 2465 3513 ur
2487 3483 2550 3513 ne.
2573 3467 2639 3512 G.

272 3544 326 3580 et
351 3546 467 3592 pene
491 3531 634 3580 nullo.
699 3534 1006 3597 Supprimitur
1040 3548 1191 3582 autern
1216 3546 1317 3596 post
1332 3553 1432 3598 ges·
1562 3546 1624 3646 {J
1663 3534 1878 3590 Violenta,
1905 3535 2051 3591 ferox,
2085 3533 2339 3596 imperiosa.

271 3610 401 3645 serat
425 3597 688 3646 Pronomen
728 3618 789 3646 se.
840 3599 1074 3647 Bentleius
1112 3615 1193 3663 pro
1223 3610 1438 3663 gesserat,
1610 3601 1713 3657 lere,
1741 3598 1790 3646 h.
1805 3616 1844 3647 e.
1875 3601 2111 3648 voluntate
2132 3615 2250 3645 mea.
2313 3599 2371 3658 [†
2383 3611 2476 3645 non
2496 3594 2642 3644 laces·

275 3660 475 3710 arbitrio
519 3678 604 3710 suo
667 3664 821 3725 posuit
871 3679 1053 3712 cesserat
1072 3686 1089 3720 ,·
1141 3677 1293 3712 tamen
1350 3665 1434 3712 ista
1499 3663 1649 3728 situs]

276 3726 485 3788 subjicit,
537 3731 567 3755 “
596 3730 804 3777 Gesserae
834 3728 1015 3791 quidem
1048 3746 1203 3777 omnes
1224 3745 1337 3792 quos
1359 3729 1427 3776 vi·
1557 3742 1622 3787 42
1660 3728 1710 3776 T
1705 3739 1820 3787 neus,
1849 3729 1956 3777 b.e.
1985 3729 2022 3775 si
2042 3727 2128 3776 sim
2151 3739 2296 3776 tutus.

270 3797 306 3821 ⁸‘
333 3792 383 3838 di
430 3792 624 3840 Codices
672 3810 764 3840 uno
806 3809 1026 3842 consensu
1071 3793 1332 3842 exhibent.”
1375 3796 1429 3841 B.
1564 3794 1600 3842 Ο
1662 3803 1760 3842 ater
1776 3796 1800 3841 Ι
1858 3795 2064 3841 Tracnm
2097 3810 2153 3840 ex
2191 3795 2341 3841 Graeco
2373 3792 2463 3838 hoc.
2528 3792 2646 3839 Vet.

283 3858 489 3906 Cesserat
504 3858 560 3904 de
583 3870 749 3906 conatu
767 3860 987 3907 scribendi
1007 3859 1168 3922 accipit
1185 3860 1431 3908 Bentleius.
1495 3858 1618 3907 Scho
1637 3891 1651 3905 .
1713 3859 1983 3908 Callimachi
2004 3871 2071 3906 est
2093 3876 2106 3915 ;
2141 3859 2222 3906 Ζεῦ
2259 3858 2425 3924 τάς-ις,
2448 3855 2504 3911 ὣς
2542 3864 2646 3903 Xa—

283 3924 502 3970 Gener-ae
523 3923 661 3971 etiam
682 3924 788 3971 ideo
808 3924 974 3985 placet,
1004 3925 1127 3986 quod
1148 3925 1303 3972 statim
1325 3926 1433 3973 sub·
1496 3923 1646 3981 λάβεν
1675 3926 1766 3972 «a.
1804 3924 2019 3973 ἆπόλοιτο
2041 3921 2179 3985 γίνος.
2244 3925 2384 3986 Quod
2404 3924 2470 3971 sie
2509 3921 2648 3969 vertit

275 3986 386 4051 jicit
414 3987 624 4045 Flaccus,
641 3991 781 4036 vitam
804 3989 973 4036 Lucilii
990 4000 1143 4052 patere
1165 3989 1212 4036 in
1235 3990 1353 4037 illius
1377 3989 1436 4037 li·
1503 3987 1732 4047 Catullus,
1760 3991 1957 4055 Jupiter,
1986 3999 2035 4036 ut
2082 3988 2325 4055 Chalybum
2366 4006 2486 4036 amne
2511 4004 2649 4052 genas

281 4053 401 4101 bris:
435 4069 543 4114 ergo
586 4054 812 4116 quidquid
844 4063 1060 4119 gesserat,
1086 4067 1256 4115 egerat,
1286 4071 1437 4118 passus
1497 4064 1668 4120 pereat.

283 4129 409 4178 erat,
444 4131 663 4179 expertus
684 4132 781 4166 erat
803 4132 893 4168 etc.
958 4121 1022 4166 G.
1571 4132 1634 4178 45
1670 4118 1871 4167 Pulchro
1895 4119 2232 4168 charientismo
2253 4136 2514 4168 commovere
2537 4116 2652 4165 dici·

354 4196 422 4243 32
455 4185 704 4232 Decurrens
736 4187 825 4231 alio
841 4208 857 4241 ,·
903 4184 951 4231 h.
975 4195 1015 4231 ε.
1058 4181 1215 4230 devius
1247 4200 1273 4230 a
1318 4185 1444 4232 nudo
1510 4198 1613 4231 mus
1635 4199 1719 4245 pro
1739 4183 1971 4233 lacessere.

284 4264 433 4296 vero:
458 4265 687 4313 nusquam
709 4250 832 4298 enirn
853 4248 1116 4298 deflectebat
1138 4264 1279 4311 equos
1299 4249 1355 4297 ab
1371 4249 1444 4296 in·
1573 4248 1744 4296 Melius
1775 4269 1854 4297 non
1885 4260 2060 4313 tangere
2093 4249 2336 4298 comicum
2359 4248 2496 4297 babet
2527 4244 2654 4303 ἔθος.

279 4314 457 4362 stituto
479 4315 683 4362 tramite.
1510 4313 1567 4361 Β.
1637 4314 1869 4363 Minantis
1901 4328 1986 4372 est,
2016 4328 2070 4362 ut
2101 4315 2214 4362 Ter.
2245 4315 2385 4362 Adel.
2416 4327 2462 4363 2.
2497 4327 2545 4361 1.
2576 4312 2655 4363 26·

357 4392 387 4439 3
391 4392 422 4440 3
464 4380 516 4426 V
509 4383 634 4428 oliva
656 4378 836 4438 tabella,
856 4381 1055 4442 quonian
1074 4380 1209 4426 solent
1230 4378 1447 4443 naufragi
1513 4379 1633 4425 Ante
1666 4382 1770 4426 aedes
1803 4398 1879 4429 nan
1905 4381 2068 4445 secisse
2102 4383 2186 4428 erit
2221 4380 2370 4429 melius
2407 4382 2475 4427 hic
2507 4382 2659 4427 cuvi-

287 4464 337 4493 ee
356 4448 540 4557 ρίηξεη
556 4456 598 4496 et
619 4463 862 4496 consecrare
894 4450 937 4494 in
963 4447 1114 4510 aliqua
1137 4445 1272 4493 AEde.
1336 4445 1450 4493 Vet.
1511 4446 1639 4493 cium.
1704 4447 1767 4492 G.

298 4510 428 4559 Seho
1583 4521 1612 4558 2
1634 4509 1670 4555 B
1695 4521 1724 4557 2
