3000 4979
504 356 635 416 332

1181 341 1268 418 Q.
1320 340 1662 407 HORAT
1668 341 1736 407 11
1787 340 2127 408 FLACCI

762 519 868 585 Ad
899 539 1180 607 pugnam
1213 539 1477 581 venere:
1525 516 1705 601 prior
1739 518 2126 596 SarmentuS,
2185 518 2345 605 Equi
2378 534 2443 586 te

760 630 918 696 Esse
947 630 1064 693 feri
1094 627 1361 692 similem
1393 628 1557 692 dico.

1652 628 1964 719 Ridemus
1987 652 2004 690 ε
2063 642 2131 692 et
2160 628 2296 712 ipse

754 738 1056 817 Messius„
1106 737 1418 823 Accipi03
1467 750 1660 823 caput
1690 751 1753 801 et
1783 751 2033 802 movet:
2084 737 2168 815 O,
2217 753 2326 802 tua
2355 761 2554 804 cornu

750 850 838 915 Ni
871 850 1032 913 foret
1060 861 1314 913 exsecto
1344 846 1541 922 frons,
1588 847 1817 933 inquit,
1865 847 2017 933 quid
2049 846 2308 924 faceres,
2355 870 2502 913 cum

581 961 670 1025 60
759 959 865 1024 Sic
896 959 1156 1024 mutilus
1187 954 1537 1022 minitaris?
1627 962 1718 1021 At
1745 957 1842 1020 illi
1872 957 2043 1021 foeda
2072 958 2340 1021 cicatrix

754 1070 1041 1135 Setosam
1072 1067 1216 1132 laevi
1249 1067 1521 1130 frontem
1554 1075 1922 1150 turpaverat
1950 1067 2098 1130 oris.

750 1177 1156 1263 Campanum
1186 1178 1253 1241 in
1283 1177 1597 1254 morbum,
1636 1178 1701 1240 in
1730 1176 1958 1241 faciem
1993 1176 2312 1261 permulta
2329 1177 2601 1261 jocatus,

753 1287 1078 1352 Pastorem
1113 1286 1371 1352 saltaret
1398 1288 1492 1352 uti
1526 1287 1815 1373 Cyclopa
1845 1288 2147 1374 rogabat3

744 1396 860 1461 Nil
890 1395 984 1460 illi
1014 1395 1186 1461 larva
1215 1410 1327 1461 aut
1357 1397 1612 1484 tragicis
1642 1419 1803 1481 opus
1834 1419 1970 1461 esse
2001 1395 2352 1460 cothurnis.

569 1508 653 1572 65
745 1504 962 1571 Multa
993 1507 1279 1572 Cicirrus
1309 1507 1392 1571 ad
1424 1506 1584 1585 haec,
1632 1507 1929 1571 donasset
1949 1508 2168 1591 jamne
2197 1520 2484 1569 catenam

741 1615 847 1680 Ex
877 1630 1030 1681 voto
1062 1617 1360 1691 LaribuS,
1408 1616 1783 1703 quaerebat?
1831 1619 2043 1682 scriba
2071 1616 2244 1701 quod
2273 1627 2456 1689 esset,

739 1725 896 1790 Nilo
925 1726 1207 1792 deterius
1236 1726 1519 1792 dominae
1539 1729 1645 1813 jus
1676 1750 1833 1791 esse.

1932 1726 2234 1813 Rogabut

733 1836 1059 1924 Denique,
1106 1860 1222 1902 cur
1251 1859 1535 1924 unquam
1556 1837 1860 1925 fugisset3
1906 1836 2009 1899 cui
2040 1835 2190 1899 satis
2222 1857 2349 1898 una

738 1945 956 2009 Farris
983 1946 1148 2011 libra
1174 1947 1358 2025 foret,
1404 1936 1633 2035 gracili
1663 1949 1771 2023 sic,
1820 1959 2081 2032 tamque
2112 1942 2395 2030 pusillo?

564 2062 651 2126 70
741 2053 1012 2121 Prorsus
1031 2057 1319 2144 jucunde
1350 2080 1601 2123 coenam
1633 2035 2060 2143 produximus
2090 2054 2287 2119 illam.

471 2227 537 2288 58
563 2229 785 2341 'Accipite
811 2233 872 2280 Ζ.

532 2314 563 2341 a
582 2328 595 2341 ο

535 2360 684 2407 Bentl.
719 2362 828 2409 Cun.
853 2377 953 2426 port
984 2364 1093 2410 alios
1121 2381 1175 2409 ex
1202 2362 1352 2411 MSS.

531 2425 684 2473 Benel.
700 2444 757 2473 ex
777 2426 926 2476 MSS.
947 2430 999 2476 it.
1033 2428 1093 2473 G.
1125 2425 1232 2475 Sax.

530 2572 597 2635 56
630 2577 751 2642 Equi
779 2591 821 2626 te
855 2596 940 2624 esse
955 2579 1059 2641 feri
1088 2581 1266 2628 similene
1282 2601 1299 2635 .-
1328 2582 1543 2645 graaedem
1562 2595 1606 2629 et

464 2642 617 2687 dana
628 2662 649 2697 5
695 2646 800 2706 quia
834 2653 1036 2706 procerus
1079 2658 1178 2692 erat
1222 2645 1431 2693 Meuius.
1494 2647 1606 2694 Vct.

469 2704 623 2752 schol.

528 2767 593 2829 58
629 2769 828 2836 Accipio,
858 2771 908 2818 h.
927 2787 968 2819 c.
998 2773 1133 2820 audio
1155 2788 1257 2836 quae
1277 2774 1402 2830 dicis,
1428 2790 1512 2823 nec
1534 2775 1605 2822 in·

462 2833 612 2882 ultum
642 2835 772 2883 feres.
807 2836 861 2883 B.
930 2837 1074 2902 Caput
1105 2848 1255 2894 movet,
1282 2855 1343 2886 sc.
1376 2840 1601 2897 Messius,

461 2901 541 2961 qui
575 2898 664 2947 hoc
701 2912 830 2961 gestu
859 2901 1348 2968 minitatum—Inquit,
1377 2904 1474 2952 scil.
1493 2907 1599 2952 Sar-

459 2976 656 3012 mentus·
724 2967 787 3014 Z.

524 3028 590 3078 60
624 3030 825 3078 Mutilus
837 3051 856 3085 ,-
889 3042 1112 3098 amputato
1134 3049 1276 3081 cornu.
1309 3034 1419 3080 Vct.
1441 3033 1594 3081 Schol-

459 3093 601 3157 Cruq.
635 3096 692 3142 B.
727 3098 973 3144 Mis-itari.-
1005 3098 1050 3148 in
1082 3098 1175 3159 pari
1205 3098 1300 3145 scre
1320 3099 1592 3146 auctoritate

456 3159 677 3207 librorum
713 3162 850 3221 magis
890 3161 1003 3209 mibi
1041 3162 1205 3225 placet,
1238 3164 1343 3226 quia
1366 3175 1433 3211 cst
1456 3163 1592 3210 vehe-

456 3225 656 3272 mentius
686 3238 733 3273 et
762 3227 900 3287 magis
921 3240 1164 3276 asseverate
1184 3228 1372 3275 dictum.
1406 3231 1467 3275 G.
1498 3231 1591 3286 At,

455 3289 650 3352 explicat
672 3290 896 3338 Horatius
927 3293 1164 3340 dicterium
1186 3294 1415 3341 Sarmenti
1435 3295 1490 3340 dc
1512 3310 1591 3342 cx-

453 3366 580 3403 accto
601 3370 760 3402 cornu.
825 3357 889 3404 Z.

519 3417 580 3467 61
616 3420 749 3466 Levi
790 3425 878 3467 oris
905 3423 1119 3485 frontem,
1193 3440 1242 3469 ro
1283 3424 1438 3470 lavam
1473 3432 1589 3487 par·

453 3492 537 3530 ten
560 3487 688 3548 ponit
710 3484 930 3548 infr-onte.
959 3487 1073 3533 Vct.
1102 3432 1252 3534 schol.
1299 3489 1354 3535 Β.
1388 3486 1590 3548 Selorum,

452 3548 643 3596 ridicule
664 3564 745 3611 pro
770 3551 994 3597 hirsutam.
1029 3552 1091 3597 Z.

520 3611 585 3662 62
633 3616 692 3662 In
751 3616 992 3680 Campania
1033 3616 1136 3663 solet
1182 3618 1355 3680 quidun
1405 3617 1590 3675 morbus,

460 3679 662 3726 Vmuca
704 3682 879 3737 scilicet,
931 3680 1098 3746 afficere
1146 3682 1329 3729 homines
1372 3684 1418 3728 in
1443 3685 1588 3746 sacie-

437 3743 567 3790 ‚Vt-t.
606 3743 758 3791 Schol.
794 3745 936 3807 Cruq.
972 3747 1142 3811 Capitis
1179 3748 1431 3810 temporibus
1461 3765 1585 3812 mag·

452 3825 519 3854 ηε
537 3811 817 3856 innascuntur
841 3812 1061 3858 Verrucae.
1103 3810 1238 3858 Alter
1259 3810 1409 3859 Schol.
1442 3812 1584 3875 Cruq.

452 3872 510 3920 B.
573 3872 649 3919 De
685 3872 773 3922 hoc
809 3876 951 3923 morbo
992 3877 1207 3940 Campano
1249 3889 1314 3923 cst
1352 3878 1582 3924 eruditum

451 3938 742 3997 programma
778 3939 853 4004 Jo.
895 3941 1043 3988 Zach.
1064 3940 1262 3988 Plntncri
1292 3943 1419 4003 Lips.
1442 3954 1583 4002 1732.

450 4003 641 4057 editum,
671 4003 795 4066 cujus
818 4020 1011 4062 summa,
1031 4005 1267 4053 Probabile
1296 4020 1365 4053 est
1387 4007 1583 4069 Campa-

450 4067 522 4113 nis
543 4067 768 4115 luxuriose
791 4069 1043 4117 viventibus
1059 4072 1104 4117 in
1128 4070 1244 4117 facie
1264 4083 1423 4118 natum
1445 4072 1583 4118 fuisse

449 4146 736 4180 verrucarum
769 4149 927 4193 genus,
953 4136 1076 4197 quod
1110 4137 1215 4183 dum
1249 4137 1417 4183 radices
1449 4135 1583 4183 altius

449 4198 616 4259 exegit,
656 4199 750 4246 sinc
789 4214 968 4260 magna,
1003 4199 1333 4247 exulceratione
1375 4199 1580 4263 foedaquc

448 4263 653 4311 cicatrice
676 4264 818 4311 excidi
843 4264 961 4312 haud
983 4265 1148 4327 potuit.
1213 4268 1276 4312 G.

511 4329 683 4375 Facie·-
725 4330 864 4376 modo
896 4331 1095 4391 corporis
1135 4328 1244 4377 dicit
1284 4329 1489 4377 habitum
1534 4341 1582 4377 et

442 4394 646 4454 figuram.
677 4393 732 4442 Β.
793 4394 1047 4453 Intelligatn
1079 4393 1232 4459 potius
1262 4395 1441 4445 vultum
1461 4399 1580 4446 cica-

439 4458 625 4508 tricibus
643 4458 830 4508 foedum.
896 4460 960 4506 G.

999 2232 1064 2280 60
1097 2233 1319 2282 miniteris
1354 2236 1413 2281 G.
1456 2234 1588 2281 Med.
1611 2244 1753 2293 1477.
1803 2234 1913 2279 Ven.
1935 2243 2075 2293 1479.
2121 2233 2241 2279 Flor.
2264 2229 2413 2277 Benu.
2448 2224 2556 2273 Cun.
2578 2227 2803 2274 minitaris

722 2295 782 2356 67
817 2298 1035 2346 Dctcrius
1056 2297 1198 2345 nihilo
1220 2300 1300 2345 vel
1317 2299 1430 2347 Det.
1448 2301 1574 2347 dom.
1596 2298 1739 2345 nihilo
1764 2301 1884 2345 editt.
1901 2301 2078 2362 prime.
2110 2296 2256 2343 Nullo
2278 2295 2371 2342 det.
2404 2292 2474 2340 H.
2528 2292 2691 2339 Nihilo
2712 2295 2809 2339 det.

1479 2362 1542 2412 68
1577 2378 1808 2425 nunquam
1843 2366 1905 2412 ed.
1941 2364 2052 2410 Ven.
2085 2371 2126 2408 et
2159 2363 2287 2408 Glar.

2418 2368 2480 2417 70
2509 2356 2802 2418 producimus

1734 2576 1794 2640 63
1832 2580 2110 2629 pantomimi
2148 2576 2452 2641 gesticulando
2494 2575 2719 2624 saltabant
2755 2575 2798 2623 in

1666 2644 1889 2693 Theatro.

1733 2707 1798 2766 64
1830 2712 2031 2758 Lan-am
2053 2707 2160 2757 dicit
2182 2707 2348 2772 pictam
2370 2720 2629 2769 personam,
2661 2704 2799 2769 Poly·

1666 2774 1821 2837 phemi
1845 2775 2025 2823 vultum
2048 2786 2094 2822 et
2117 2787 2249 2837 caput
2271 2772 2558 2820 referentem.

1727 2836 1788 2888 66
1824 2840 1902 2887 Ex
1936 2849 2032 2887 voto
2066 2840 2260 2886 Laribus
2275 2858 2292 2891 ‚·
2329 2837 2515 2884 solebant
2528 2836 2662 2899 pueri
2674 2844 2794 2898 paer-

1661 2922 1784 2966 quam
1832 2908 2070 2968 pueritiam
2124 2904 2391 2958 excedebant,
2434 2904 2523 2948 diis
2567 2901 2794 2964 peu-riba!

1660 2970 1803 3016 bullas
1842 2988 1943 3018 suas
1985 2986 2244 3024 consecrare,
2288 2967 2484 3015 similiter
2520 2966 2678 3030 puelle
2712 2977 2795 3029 pu·

1651 3044 1742 3096 pas
1759 3052 1776 3081 .·
1820 3038 1936 3082 mdo
1979 3053 2080 3099 ergo
2120 3037 2257 3080 ridens
2299 3036 2537 3094 interrogat
2577 3033 2621 3076 si
2661 3046 2792 3075 cense-

1656 3112 1819 3145 crasset
1858 3105 2078 3165 conpedes.
2142 3098 2252 3144 vet.
2298 3095 2449 3143 Schol.
2512 3095 2566 3141 B.
2655 3094 2790 3141 Conf-

1656 3163 1866 3212 Martial.
1903 3178 1948 3225 3.
1987 3176 2065 3224 29.
2131 3162 2235 3210 Has
2278 3179 2367 3207 cun
2396 3163 2573 3224 gmina
2610 3161 2794 3222 ταφάς

1656 3228 1820 3276 dedicat
1850 3239 2041 3288 catenas,
2076 3228 2278 3285 Saturne,
2304 3227 2385 3274 tibi
2428 3226 2580 3272 Zoilus
2614 3225 2789 3272 annulae

1683 3296 1828 3341 riores.
1891 3295 1954 3341 G.

1644 3304 1681 3358 p
1718 3357 1779 3417 67
1816 3358 1938 3406 Cum
1961 3374 2118 3406 omnes
2151 3372 2262 3419 pene
2287 3355 2434 3404 MSS.
2453 3354 2674 3401 haberent
2698 3354 2788 3400 Ni·

1651 3423 1738 3469 bilo
1763 3425 1944 3472 deterius
1973 3439 2054 3486 pro
2074 3424 2280 3470 Deterius
2298 3422 2448 3477 nihilo,
2485 3434 2684 3481 cumque
2701 3419 2789 3465 Ni-

1650 3488 1737 3535 Itm
1757 3488 1816 3534 sit
1836 3503 1924 3536 vox
1945 3488 2235 3544 Lucretiam,
2263 3486 2352 3533 levi
2382 3484 2567 3545 negotio
2586 3485 2788 3547 reposui-

1652 3569 1754 3602 mus
1791 3555 1903 3602 Nilo
1934 3556 2130 3601 deterius.
2192 3555 2351 3613 Atque
2387 3550 2473 3597 hoc
2506 3549 2637 3600 dixit.
2667 3550 2784 3612 quod

1653 3619 1766 3665 servi
1790 3618 2050 3682 frequenter
2085 3617 2203 3680 apud
2235 3616 2518 3676 magistratus
2540 3615 2783 3661 scribarum

1652 3682 1800 3730 officio
1820 3684 2130 3743 fungerentur.
2163 3682 2377 3728 Urbanus
2398 3691 2465 3726 cst
2488 3680 2570 3726 iste
2585 3682 2719 3743 jocus
2739 3691 2785 3726 et

1649 3749 1696 3794 in
1719 3749 1867 3809 ipsum
1887 3746 2316 3808 Horatium,quict
2340 3745 2479 3793 scriba
2490 3743 2600 3800 fuit,
2621 3756 2667 3791 ct
2688 3744 2785 3791 De-

1649 3813 1821 3860 curiam
1853 3813 2028 3871 habuit,
2056 3825 2110 3860 ut
2143 3810 2332 3858 inferius
2369 3811 2486 3872 (Sat.
2510 3823 2554 3857 1.
2575 3807 2643 3871 6.)
2666 3809 2787 3856 dice-

1647 3888 1740 3924 tur.
1809 3878 1864 3924 B.

1712 3941 1840 4004 Quin
1858 3953 2000 3991 status
2015 3941 2190 4005 questio
2211 3940 2285 3990 hic
2299 3950 2510 3987 movetur
2528 3939 2785 3994 Sarmento,

1646 4019 1693 4054 et
1722 4020 1944 4070 usurpatae
1972 4008 2077 4055 dolo
2102 4006 2318 4053 libertatis
2353 4005 2530 4053 crimen
2561 4004 2783 4066 objicitur.

1647 4073 1805 4134 Itaque
1835 4073 2006 4120 dixerat
2033 4088 2078 4119 v.
2102 4085 2132 4131 5
2136 4085 2183 4131 5.
2203 4073 2413 4118 doniam
2439 4069 2558 4117 illus
2594 4082 2783 4116 exsure-

1647 4137 1875 4199 Scriptum
1913 4137 2207 4200 quaestorium
2240 4135 2415 4192 fecisse,
2444 4146 2491 4181 et
2529 4135 2669 4196 egisse
2701 4148 2780 4199 pto

1644 4202 1796 4265 equite
1817 4201 1909 4249 Ro.
1929 4214 1975 4249 ct
2006 4202 2173 4264 reliqua
2203 4199 2374 4256 omnia,
2402 4199 2557 4248 Schol.
2588 4200 2642 4246 ad
2676 4201 2783 4264 Juv.

1644 4279 1691 4325 5.
1713 4279 1762 4327 3.
1780 4269 1900 4329 quod
1924 4266 2198 4315 illustratum
2221 4266 2471 4330 praesertim
2494 4280 2520 4311 a
2536 4264 2782 4324 Rutgersio

1645 4332 1700 4378 ad
1723 4329 1768 4377 h.
1787 4331 1819 4378 l.
1849 4331 2055 4382 Horatii.
2121 4334 2183 4378 G.

1707 4392 1770 4444 68
1809 4397 1899 4444 Cur
1919 4415 2104 4462 unque.
2117 4398 2330 4462 jiagt‘net,
2358 4392 2454 4443 scil.
2482 4394 2611 4458 quasi
2642 4409 2670 4443 a
2698 4393 2779 4441 do·

1637 4459 1760 4509 mina
1781 4460 1914 4511 nimis
1935 4477 2068 4526 parce
2089 4462 2291 4511 nutritus
2311 4461 2384 4510 sit.
2449 4461 2517 4510 Z.
