3000 4979
615 926 1008 1004 POSUIT
1062 928 1647 1006 BAXTERUS
1703 931 2134 1009 DEINDE

414 1259 810 1353 DUORUM
858 1258 1282 1322 VETERUM
1321 1261 1439 1321 DE
1495 1261 1889 1324 HORATIO
1943 1262 2329 1324 JUDICIA:

825 1582 1405 1670 Qumc'nmam,
1465 1592 1582 1657 10.
1646 1592 1711 1656 1.
1767 1582 1916 1664 96:

315 1981 541 2045 INTER
576 1977 850 2065 Lyricos
889 1974 1061 2042 solus
1090 1976 1222 2043 fere
1254 1977 1486 2067 dignus
1520 1990 1618 2043 est
1663 1972 1790 2067 legi
1838 1978 2176 2057 Horatius»,
2231 1979 2534 2066 quoniam

218 2105 279 2156 et
338 2089 621 2178 insurgit
680 2087 1048 2174 aliquandO,
1103 2101 1166 2152 et
1226 2088 1457 2172 plenus
1527 2101 1620 2152 est
1670 2088 2095 2174 jucunditatis
2156 2100 2221 2153 et
2277 2091 2526 2177 gratiae,

217 2204 542 2289 variisque
571 2199 784 2265 verbis
812 2210 876 2263 et
904 2196 1127 2287 figuris
1156 2196 1518 2263 felicissime
1550 2197 1827 2263 audax'.

303 2424 781 2513 Fragmentum
803 2417 1516 2508 Hendecasyllabor'um
1552 2417 1750 2484 Cilnii
1786 2417 2161 2485 Maecenatis
2192 2420 2254 2483 in
2289 2420 2535 2485 obitum

221 2536 573 2613 Honxru,
607 2532 783 2621 quod
814 2531 989 2616 apud
1026 2529 1346 2594 Isidorum
1366 2539 1407 2612 †
1436 2543 1552 2608 est,
1601 2530 1690 2593 ita
1721 2531 1995 2596 restituit
2036 2531 2238 2595 Janus
2269 2531 2536 2597 Dousa:

747 2752 993 2835 Lageus
1022 2759 1101 2826 te,
1132 2770 1263 2811 mea
1294 2751 1443 2826 vita,
1476 2771 1583 2812 nec
1611 2752 1984 2834 smarangS,

752 2860 1037 2944 Beryllo-5
1056 2858 1227 2935 mihi,
1260 2859 1496 2936 Flacce,
1531 2881 1638 2922 nec
1667 2861 1945 2938 nitentes,

753 2963 888 3026 Nec
905 2962 1291 3044 percandida
1321 2965 1665 3046 margarita
1697 2983 1921 3045 quem-0,

758 3072 891 3134 Nec
920 3092 1063 3154 quos
1103 3070 1378 3154 ssynica
1410 3073 1558 3133 lima
1576 3072 1912 3154 perpolivit

751 3183 1017 3259 Anellos,
1050 3201 1156 3244 nec
1183 3181 1399 3265 Iaspos
1428 3183 1695 3263 lapillos.

1280 3355 1546 3419 Utinam
1580 3369 1813 3421 caetera
1842 3377 1973 3419 non
2003 3354 2537 3421 desiderarentur.

299 3591 341 3624 ⁴*
374 3583 567 3642 Hunc
592 3578 829 3639 Horatii
852 3577 1195 3637 charactera
1220 3596 1337 3636 non
1358 3579 1643 3658 cogitant,
1672 3579 1772 3659 qui
1802 3577 2031 3657 quoties
2059 3578 2279 3657 aliquid
2306 3578 2545 3640 offertur

219 3685 387 3766 quod
419 3682 532 3761 ipsi
563 3702 682 3740 non
712 3679 972 3758 capiunt,
997 3697 1169 3737 urere
1196 3689 1256 3737 et
1284 3699 1487 3739 secare
1516 3693 1827 3740 conantur.
1909 3679 2114 3738 διεδ-Ν.

298 3794 339 3856 †
373 3784 554 3863 Orig.
587 3790 679 3845 19.
709 3786 807 3842 32.
889 3782 1007 3842 Sed
1036 3781 1152 3842 vid.
1195 3781 1431 3841 omnino
1477 3782 1532 3841 Ι.
1582 3784 1665 3842 H.
1710 3780 2018 3842 Meibomii
2062 3777 2313 3841 Maecen.
2360 3802 2414 3842 c.
2443 3786 2542 3843 25.

219 3889 434 3948 stx.
