3000 4979
831 321 1391 389 SERMONUM
1442 321 1600 389 Lm.
1649 324 1698 389 1.
1747 332 1813 388 4.
2380 335 2505 398 317

173 520 318 575 140
411 506 784 596 Ignoscent‚
821 502 873 564 si
905 501 1364 588 quidpeccaro
1395 498 1648 577 stultuS,
1682 501 1910 577 amici3

409 618 618 703 Inque
646 614 849 678 vicem
880 612 1141 677 illorum
1172 610 1382 696 patiar
1413 609 1649 676 delicta
1679 610 1977 691 libenter,

410 727 832 811 Privatusque
868 725 1075 811 magis
1111 723 1313 787 vivam
1344 737 1409 787 te
1441 744 1592 810 rege
1634 723 1879 788 beatus·

327 926 429 971 140
461 927 649 975 peccaro
668 914 798 959 etiam
827 912 888 959 G.
910 907 1016 957 Sax.
1080 908 1246 957 stultus
1269 923 1532 970 peccavero,
1548 910 1703 959 amici.
1737 912 1797 958 Ζ.
1860 924 2106 975 peccavero
2125 909 2220 959 edd.
2234 922 2313 976 pr.

1006 1253 1448 1336 SATIRA
1512 1255 1667 1338 IV.

878 1479 949 1525 IN
985 1477 1575 1527 OBTRECTATORES
1622 1476 1803 1526 SUOS.

146 1665 289 1711 Ante
313 1658 500 1721 mejam
524 1658 753 1716 Lucilius,
775 1668 987 1706 auctores
1008 1661 1173 1708 veteris
1193 1661 1425 1708 comoediae
1460 1660 1665 1708 imitatus
1686 1671 1753 1707 est
1774 1659 1822 1706 in
1847 1658 2053 1707 notandis
2073 1657 2344 1706 nominatim
2365 1658 2517 1707 homi·

224 1728 366 1774 nibus
387 1724 622 1785 improbis,
642 1724 800 1772 satiras
821 1722 1019 1785 scripsit,
1037 1725 1105 1771 vir
1131 1726 1300 1786 ingenii
1317 1726 1435 1774 haud
1457 1725 1778 1774 contemnendi
1811 1735 1857 1772 ct
1873 1724 2032 1787 judicii
2052 1725 2186 1783 acris,
2203 1725 2279 1773 sed
2311 1724 2370 1771 ob
2390 1724 2519 1772 festi·

224 1791 469 1839 nationem
492 1787 540 1835 in
580 1789 813 1837 scribendo
838 1799 883 1836 et
924 1788 1265 1851 interpoliendo
1302 1792 1531 1853 pigritiam
1555 1792 1695 1837 durus
1727 1802 1772 1837 et
1795 1790 1947 1838 minus
1963 1801 2107 1837 tersus
2129 1789 2175 1836 in
2199 1791 2520 1851 componendis

222 1855 446 1903 versibus.
510 1855 733 1916 Equidem
768 1853 968 1900 multum
1007 1855 1198 1902 scribere
1220 1855 1455 1917 improbo3
1490 1869 1537 1902 et
1562 1855 1666 1903 Diis
1702 1854 1846 1903 habeo
1881 1855 2087 1915 gratiam,
2121 1855 2244 1916 quod
2281 1868 2354 1900 me
2394 1855 2518 1916 parci

226 1919 453 1968 sermonis
472 1917 716 1967 finxerunt.
781 1919 1020 1979 Crispinus
1048 1935 1127 1982 per
1161 1936 1233 1967 me
1255 1920 1357 1984 plus
1387 1921 1551 1969 scribat
1570 1935 1706 1983 quam
1740 1936 1842 1980 ego,
1859 1932 1907 1967 et
1942 1919 2061 1966 efflet
2082 1935 2236 1967 versus
2255 1929 2307 1967 ut
2327 1930 2518 1965 ventum

224 1986 356 2033 follis
370 2001 385 2032 ε
421 1995 467 2031 et
493 1984 689 2031 Fannius
710 1982 910 2043 gloriolas
930 1984 1066 2031 ducat
1088 1985 1190 2043 sibi,
1208 1986 1246 2033 si
1267 1986 1407 2049 possit
1429 1985 1605 2034 efficere
1628 1998 1681 2034 ut
1712 1986 1863 2046 imago
1886 1997 1934 2033 et
1953 1984 2117 2047 scripta
2137 2000 2218 2032 sua
2239 1983 2520 2047 reperiantur

228 2051 282 2099 in
306 2049 602 2096 bibliothecis.
670 2049 791 2096 Cum
812 2064 897 2108 ego
917 2047 1081 2112 scripta
1114 2065 1214 2097 mea
1237 2051 1372 2110 vulgo
1409 2053 1599 2099 recitare
1631 2066 1807 2108 vereor,
1835 2066 1888 2096 ea
1910 2065 2048 2098 nemo
2078 2049 2209 2109 legit,
2221 2049 2316 2096 imo
2351 2047 2524 2110 spernit

227 2127 474 2164 auctorem
507 2125 764 2176 propterea,
783 2113 907 2176 quod
927 2115 1092 2171 satiris,
1111 2116 1274 2177 quibus
1296 2116 1405 2163 vitia
1424 2128 1519 2164 tam
1540 2115 1705 2164 usitata
1725 2127 1962 2171 notantur,
1981 2113 2274 2162 offenduntur
2303 2112 2526 2177 plerique.

229 2184 306 2228 At
328 2180 414 2227 iste
437 2181 585 2241 poe'ta,
608 2179 786 2235 dicunt,
803 2193 971 2240 pronus
992 2190 1060 2226 est
1092 2181 1148 2228 ad
1169 2180 1493 2238 lacessendum,
1513 2181 1682 2229 nemini
1710 2180 1871 2244 parcit,
1888 2192 1935 2228 et
1956 2179 2172 2243 quicquid
2190 2179 2332 2228 semel
2352 2178 2524 2226 chartis

232 2243 453 2300 illeverit,
468 2244 611 2292 cuivis
631 2243 768 2291 obvio
788 2244 963 2292 recitat.
1027 2245 1119 2293 Nae
1138 2245 1335 2309 primum
1359 2262 1452 2294 non
1467 2247 1593 2309 jacto
1613 2262 1688 2294 me
1709 2261 1801 2294 esse
1823 2248 2020 2308 poe'tam,
2039 2246 2144 2310 quia
2164 2245 2343 2292 dicendi
2362 2259 2522 2305 genus,

235 2326 337 2375 qtto
356 2320 464 2358 utor
484 2309 534 2356 in
554 2308 720 2364 satiris,
740 2309 940 2357 sermoni
961 2321 1030 2357 est
1051 2311 1253 2372 propius,
1272 2311 1418 2359 simile
1439 2311 1629 2360 comico.
1693 2311 1819 2359 Nam
1840 2322 1990 2359 metro
2009 2310 2159 2358 soluto
2178 2321 2225 2357 et
2246 2308 2337 2357 alio
2356 2310 2523 2357 verbo-

233 2390 346 2425 rum
366 2374 526 2422 ordine
550 2373 693 2431 facto,
713 2389 809 2420 rem
832 2373 897 2421 ita
918 2390 1030 2433 esse,
1050 2375 1182 2424 facile
1203 2376 1451 2438 intelliges:
1491 2378 1614 2440 quod
1635 2391 1763 2424 secus
1783 2367 1859 2423 αι’
1872 2392 1916 2422 v.
1936 2391 1978 2423 c.
1999 2377 2047 2423 in
2067 2376 2265 2423 versibus
2288 2375 2523 2431 Ennianis,

235 2441 406 2506 quibua
443 2439 512 2488 vis
543 2439 721 2503 poetica
752 2450 801 2488 et
838 2439 1020 2503 spiritus
1051 2441 1336 2500 immanebit,
1369 2442 1548 2491 etiamsi
1586 2452 1786 2489 metrum
1821 2440 2068 2491 sustuleris,
2132 2440 2366 2488 Ceterum
2401 2440 2519 2488 sitne

227 2509 413 2571 jutum
434 2508 595 2567 po‘e'ma
622 2519 706 2552 nec
726 2520 802 2563 ne,
817 2521 939 2554 nunc
961 2522 1054 2554 non
1075 2522 1255 2570 quaeror
1293 2508 1378 2556 hoc
1401 2520 1584 2556 tantum
1605 2509 1845 2564 contendo,
1866 2523 1959 2555 non
1981 2523 2076 2556 esse
2095 2506 2218 2570 quod
2238 2520 2341 2554 mea
2356 2506 2533 2569 script»

235 2582 523 2621 metuantur.
585 2570 811 2618 Latrones
840 2571 966 2618 enim
1003 2584 1050 2620 et
1082 2572 1226 2621 sicarii
1253 2584 1459 2621 metuant
1495 2574 1699 2621 Sulcium
1723 2585 1773 2620 et
1811 2573 2032 2636 Caprium
2064 2572 2308 2620 acerrimos
2339 2585 2535 2619 accusa«

238 2651 383 2694 tores,
401 2651 518 2699 quos
536 2635 753 2683 innocens
774 2651 867 2683 non
890 2637 1071 2686 metuit.
1129 2639 1268 2699 Ergo,
1287 2638 1322 2686 si
1355 2651 1406 2686 tu
1429 2653 1513 2686 nec
1547 2654 1596 2686 es
1614 2638 1747 2696 latro,
1782 2654 1866 2687 nec
1888 2653 1972 2698 ego
2004 2637 2196 2700 Caprius
2213 2649 2294 2685 aut
2327 2636 2525 2692 Sulcius,

239 2714 418 2750 temere
457 2716 534 2749 me
553 2700 737 2749 metuis.
798 2700 981 2749 Deinde
1012 2718 1097 2751 nec
1133 2705 1298 2766 scripta
1320 2719 1418 2751 mea
1450 2703 1631 2766 publice
1662 2714 1883 2767 prostant,
1917 2718 2002 2750 nec
2034 2719 2117 2763 ego
2153 2718 2223 2758 ea,
2241 2701 2329 2750 nisi
2366 2701 2533 2749 amicis

237 2769 384 2830 idque
403 2777 606 2824 coactus,
623 2765 765 2814 recito
781 2784 795 2812 z
828 2766 906 2813 alii
939 2768 1116 2816 veroin
1153 2770 1254 2817 foro
1275 2784 1355 2817 sua
1391 2769 1583 2817 recitent
1605 2780 1651 2816 et
1684 2768 1734 2816 iu
1764 2768 1950 2826 balneis,
1984 2783 2076 2816 non
2098 2783 2208 2829 ego:
2246 2782 2330 2814 nec
2349 2768 2524 2827 gaudeo

241 2832 360 2881 alios
378 2830 562 2888 laedere,
581 2842 634 2878 ut
665 2831 988 2881 obtrectatores
1006 2833 1357 2882 calumniantur.
1422 2834 1644 2882 Detestor
1672 2833 1831 2895 istum,
1851 2835 1930 2897 qui
1952 2834 2182 2881 absentem
2220 2832 2418 2880 amicum
2440 2833 2525 2879 ob·

243 2907 432 2954 uectat,
450 2896 686 2959 culpatum
707 2911 800 2943 non
820 2896 1040 2956 defendit,
1057 2899 1256 2947 dicteriis
1270 2910 1420 2962 captat
1440 2899 1679 2947 hominum
1699 2899 1860 2957 risum,
1872 2900 2062 2947 crimina
2075 2898 2186 2952 falsa
2207 2897 2354 2958 fingit,
2362 2912 2531 2945 arcana

244 2962 425 3026 prodit,
439 2961 522 3009 sub
552 2961 697 3023 specie
719 2962 932 3009 amicitiae
963 2963 1320 3013 melevolentiam
1345 2964 1471 3024 tegit.
1535 2965 1772 3026 Ejusmodi
1792 2964 2128 3026 improbitatem
2165 2963 2219 3011 ab
2240 2961 2400 3010 animo
2418 2977 2524 3009 meo

247 3039 304 3075 et
327 3026 500 3087 scriptis
529 3025 683 3074 abfore
702 3026 950 3075 certissime
984 3029 1216 3090 promitto.
1277 3031 1456 3077 Verum
1479 3028 1520 3077 si
1555 3029 1666 3092 quid
1692 3027 1878 3077 liberius
1913 3041 1961 3076 et
1979 3029 2099 3077 forte
2125 3027 2323 3090 jocosius
2338 3028 2494 3075 dixero
2510 3041 2531 3083 s

251 3089 374 3139 mihi
394 3090 660 3150 ignoscatur.
724 3092 803 3140 Ad
823 3092 932 3140 vitia
960 3093 1173 3154 fugienda
1193 3104 1240 3142 et
1259 3106 1382 3144 recte
1402 3095 1544 3143 vitam
1561 3093 1889 3143 instituendam
1920 3095 2121 3157 optimus
2140 3103 2267 3156 pater
2287 3107 2361 3139 me
2390 3092 2530 3154 jussit

252 3155 483 3218 inspicere
512 3155 711 3220 exempla
733 3157 1044 3220 improborum
1081 3172 1130 3208 et
1150 3159 1410 3223 proborum.
1473 3159 1619 3222 Igitur
1658 3159 1767 3207 vitia
1796 3159 2007 3216 aliorum,
2038 3174 2097 3206 ne
2116 3158 2213 3221 ipse
2239 3160 2525 3206 committam

245 3220 371 3270 olim
412 3219 681 3282 imprudens.
712 3222 810 3270 otio
831 3238 1060 3282 concesso,
1094 3224 1261 3273 litteris
1281 3226 1460 3273 mando.
1526 3224 1667 3288 Quod
1698 3225 1787 3273 nisi
1817 3224 1929 3273 mihi
1965 3225 2209 3272 concedere
2228 3222 2367 3281 velis3
2399 3223 2533 3284 copia

320 3287 346 3299 ⁰
519 3286 630 3335 mihi
666 3287 753 3334 erit
771 3287 958 3343 auxilio,
992 3301 1039 3337 et
1075 3301 1124 3338 te
1157 3291 1214 3338 ad
1244 3290 1358 3338 hanc
1395 3301 1601 3339 nostram
1637 3289 1923 3346 sententiam,
1953 3289 2119 3338 satiras·
2145 3305 2241 3337 esse
2260 3289 2534 3346 scribendas,

243 3367 491 3413 cogemus,
511 3353 892 3416 quemadmodum
914 3354 972 3401 ad
995 3370 1098 3403 suas
1119 3356 1384 3404 cerimonias
1406 3355 1741 3421 amplectendas
1759 3355 2039 3419 compellunt
2061 3354 2171 3403 alios
2191 3354 2359 3420 Judaei.

472 3541 801 3619 Euroms,
833 3554 1026 3630 atque
1059 3545 1388 3625 Cratinus,
1423 3547 2036 3636 Aristophanesque,
2073 3548 2317 3625 Po'etae,

460 3654 680 3738 Atque
708 3653 818 3718 alii
852 3677 1127 3741 quorum
1162 3657 1502 3725 comoediai
1532 3661 1744 3746 prisca
1773 3658 2058 3724 virorum
2087 3669 2203 3734 est,

187 3867 235 3904 et
258 3855 310 3903 in
330 3854 482 3918 prima
500 3872 514 3901 ε
549 3855 750 3921 Ineptum
783 3858 911 3916 dicit,
931 3862 1053 3923 quod
1084 3874 1199 3911 esset
1220 3866 1345 3913 Are-

190 3921 366 3983 taelogus
389 3919 530 3981 vulgo
549 3921 814 3984 appellatus.
1859 3928 2006 3977 SAT.
2040 3931 2127 3976 lv.

259 3986 445 4043 Dulces,
463 4001 622 4034 suaves
643 3986 802 4049 utique
822 3999 869 4036 et
892 3989 1014 4037 boni.
1476 4008 1503 4042 1
1538 3994 1849 4058 Aristophanes
1908 4009 1950 4041 et
2019 3993 2202 4058 Eupolis
2268 3991 2549 4056 Cratinusque

261 4064 362 4108 140
397 4050 608 4125 Bentleio
646 4052 789 4112 magis
816 4053 961 4116 placet
990 4067 1185 4119 peccaro,
1219 4060 1343 4121 quod
1399 4063 1616 4123 precipui
1626 4082 1645 4114 ,-
1694 4058 2028 4123 Quintilianus‚
2051 4061 2321 4106 admonente
2342 4058 2549 4107 Torren-

188 4114 341 4162 semel
359 4113 434 4162 vel
467 4116 535 4164 bis
557 4131 815 4179 compareat
844 4119 890 4166 in
913 4119 1221 4170 Membranis.
1285 4125 1343 4174 E.
1407 4123 1491 4171 tio.
1525 4174 1531 4182 ,
1557 4125 1632 4172 Hi
1644 4128 1788 4189 prim·
1809 4125 2017 4174 Archaeas
2037 4123 2267 4171 Comaedias
2280 4126 2552 4188 scripserunt.

189 4179 367 4238 Recte,
387 4181 426 4229 si
445 4183 607 4230 eadem
628 4183 836 4241 meliora,
856 4195 909 4231 ut
932 4183 1023 4231 hic.
1089 4188 1152 4234 G.
1407 4190 1523 4237 Vct.
1542 4190 1697 4238 Schol.

265 4245 456 4304 Stultus,
494 4246 542 4294 h.
574 4262 615 4294 e.
653 4264 760 4296 cum
795 4250 962 4306 fuerim
1003 4249 1187 4307 stultus,
1221 4255 1344 4314 quod
1473 4266 1507 4304 2
1545 4256 1771 4311 Virorum,
1802 4253 2050 4313 «aurita.
2127 4252 2202 4302 Sic
2239 4254 2556 4301 etLucretius

189 4323 250 4360 tu
270 4325 410 4375 putas
424 4311 615 4362 scilicet.
679 4315 733 4362 Β.
803 4315 905 4363 Nec
920 4314 1139 4364 diffitetur
1156 4316 1351 4366 Horati·
1412 4331 1461 4376 5.
1480 4317 1594 4369 621.
1659 4321 1900 4372 Democriti
1930 4322 2043 4385 quod
2054 4321 2329 4370 canda-vin·
2347 4321 2571 4372 semri*

192 4393 270 4433 us,
307 4376 359 4426 in
380 4392 659 4444 unoquoque
695 4391 883 4446 peccato
913 4380 1057 4432 inesse
1093 4381 1352 4433 stultitiam.
1404 4389 1545 4449 peut}-
1626 4399 1629 4402 ’
2486 4393 2515 4412 ’”
2565 4406 2572 4418 ·

191 4442 262 4506 (ὅ,
