3000 4979
843 308 1543 376 EPISTULARUM
1607 309 1754 388 Lm.
1810 310 1861 375 1.
1921 325 2013 379 19.

2471 325 2605 384 513

510 487 876 574 Adscripsit
908 486 1113 558 Liber
1148 487 1389 572 Satyris
1425 486 1791 572 Faunisque
1825 491 2066 572 poetaS,

376 609 415 663 5
472 679 479 688 ὓ
513 600 679 684 Vina
712 585 843 663 fere
867 597 1089 663 dulces
1123 597 1421 662 oluerunt
1450 619 1640 661 mane
1673 597 2025 662 Camoeuae.

374 682 399 708 ς
426 693 437 702 “
510 709 842 773 Laudibus
874 710 1167 796 arguitur
1198 710 1326 772 vini
1354 710 1611 774 vinosus
1646 707 2005 773 Homerus:

511 823 759 886 Ennius
790 824 931 907 ipse
959 835 1144 905 pater
1173 843 1505 907 nunquam
1537 823 1659 886 nisi
1690 834 1881 905 potus
1907 821 1994 887 ad
2025 843 2204 888 arma
2285 873 2296 886 .

512 932 821 997 Prosiluit
851 932 1144 1001 dicenda.
1238 941 1281 974 ‘⁶
1316 933 1369 997 F
1370 956 1555 998 orum
1588 933 1934 1021 putealque
1967 934 2240 1000 Libonis

504 1051 541 1082 “
589 1043 927 1107 Mandabo
959 1044 1140 1109 siccis
1159 1069 1176 1121 3
1225 1045 1506 1109 adimam
1539 1060 1797 1110 cantare
1828 1046 2122 1111 severis.’'

335 1157 413 1214 10
506 1149 662 1216 Hoc
694 1155 888 1219 simul
918 1155 1140 1232 edixit,
1189 1178 1319 1219 non
1351 1180 1675 1222 cessavere
1701 1162 1910 1243 po'etae

508 1265 850 1332 Nocturno
880 1281 1125 1332 certare
1158 1290 1356 1347 mero,
1404 1281 1631 1353 putere
1661 1269 1919 1333 diurn0.

500 1374 679 1451 Quid
704 1375 735 1441 P
778 1380 831 1442 si
861 1380 1003 1465 quis
1036 1379 1214 1444 vultu
1246 1396 1429 1445 torvo
1458 1380 1651 1457 feruS,
1701 1394 1766 1445 et
1796 1379 1962 1466 pede
1992 1377 2193 1454 nude,

500 1483 902 1576 Exiguaeque
934 1504 1105 1577 togae
1135 1490 1395 1555 simulet
1424 1503 1677 1556 textore
1710 1490 2044 1567 Catonem,

231 1663 267 1712 4
298 1653 527 1716 {Ascripsit
546 1659 676 1704 etian-
698 1661 788 1706 edd.
803 1671 878 1723 pr.
945 1660 1149 1707 Asci-ibit
1176 1662 1280 1708 Asc.
1310 1674 1450 1719 1544.
1482 1659 1620 1708 Febr.
1645 1675 1665 1708 1
1672 1674 1733 1721 55
1739 1674 1786 1720 5.
1806 1674 1888 1708 ete.

2020 1671 2081 1707 10
2112 1655 2252 1704 edixit
2272 1656 2403 1716 vulg.
2420 1629 2564 1702 edisti

256 1720 347 1776 ³³(o
373 1720 631 1783 Maenas)
653 1725 747 1770 Das.
772 1726 929 1772 Heius.
952 1730 1057 1790 conj.
1097 1727 1214 1772 edixi
1240 1727 1389 1773 MSS.
1411 1728 1588 1774 Lambi.
1609 1741 1653 1774 et
1677 1728 1808 1774 Torr.
1823 1739 1866 1773 et
1891 1726 2039 1789 plures
2070 1724 2216 1770 Beati.
2249 1725 2302 1768 ie.
2319 1721 2566 1783 Boaqaam

248 1813 258 1823 Ἰ·
274 1807 279 1813 ·
296 1787 507 1831 [ει-ἐίσκω
523 1789 714 1850 probant
734 1794 865 1836 etiam
890 1792 983 1837 Da.
1007 1792 1165 1837 Heius.
1193 1791 1313 1838 Talb.
1340 1793 1447 1839 Can.

284 1863 423 1913 'qnam
438 1854 679 1900 inventum.

290 2011 329 2052 4
358 1998 480 2046 Octo
497 1999 709 2047 Lambini
734 2001 881 2048 MSS.
901 2017 1006 2048 cum
1023 2004 1198 2050 Vetere
1214 2002 1359 2052 Scho-

221 2060 354 2109 liaste
371 2076 416 2109 et
434 2064 591 2111 Servio
604 2065 813 2124 legerunt
830 2069 1073 2130 Ascripsit,
1088 2084 1178 2115 non
1198 2071 1360 2116 Ascri-

219 2127 304 2174 hie.
387 2130 564 2175 Notum
596 2143 665 2177 est
690 2133 876 2194 Satyros
908 2144 1040 2193 atque
1064 2136 1241 2179 Faunos
1261 2151 1357 2181 csse

221 2191 272 2238 in
300 2192 504 2240 clientela
528 2195 684 2242 Liberi
702 2197 853 2244 Patris
868 2211 915 2244 et
937 2197 1167 2245 infernalis
1190 2199 1358 2246 Numi·

219 2259 313 2314 nis,
343 2271 387 2304 et
421 2260 552 2320 primi
575 2261 775 2308 Musica:
807 2262 1047 2324 repertoris
1078 2275 1124 2310 et
1149 2264 1359 2313 Choreae.

221 2322 279 2368 Β.
344 2324 455 2371 Post
477 2341 656 2372 versum
679 2341 710 2383 4
733 2326 863 2390 ponit
896 2328 1135 2374 Marcilius
1167 2345 1243 2376 eos
1278 2332 1356 2392 qui

217 2404 341 2435 nunc
364 2404 469 2437 sunt
495 2404 557 2438 10
578 2404 624 2438 et
647 2405 704 2439 11
729 2407 742 2449 ;
785 2393 880 2439 sine
906 2405 1108 2452 auctore,
1128 2405 1173 2440 et
1197 2406 1249 2442 ut
1272 2411 1356 2459 pu-

216 2464 289 2515 to,
318 2455 413 2503 sine
434 2471 565 2504 causa
586 2457 760 2520 idonea.
793 2459 860 2505 G.
1346 2465 1353 2470 ’

278 2533 310 2580 5
352 2523 404 2568 V
400 2526 473 2568 ina
478 2524 606 2586 stre,
626 2524 770 2571 faceta
794 2535 839 2570 et
861 2525 1010 2572 suavis
1035 2525 1200 2573 Itonia.

284 2587 464 2646 Mane5
497 2590 617 2650 quod
640 2588 806 2635 infame
829 2602 939 2637 erat.
1005 2591 1184 2637 Notum
1210 2604 1277 2641 est
1296 2592 1351 2639 il·

208 2652 317 2764 Ῑὲιάε
354 2653 448 2701 Οὖιι
488 2652 583 2701 ἵστα
636 2653 927 2720 Διθύραμβος
964 2651 1027 2702 ἄν
1073 2654 1185 2722 ὕδωρ
1228 2655 1354 2706 aee'ru.

282 2780 314 2830 6
348 2784 414 2829 V.
430 2785 491 2830 G.
540 2782 666 2830 Iliad.
690 2793 740 2831 Z.
760 2782 872 2834 261.
895 2783 996 2833 ’sz
1021 2785 1035 2832 l
1058 2782 1099 2832 δί
1122 2786 1353 2847 :sapaudi-rs

210 2846 340 2911 μίνος
358 2848 487 2909 μίγα
509 2846 608 2900 οἶνος
630 2849 759 2910 ἀίξαι.
781 2852 844 2897 G.
874 2853 978 2898 Lau
1019 2851 1102 2898 ‘bus
1121 2855 1237 2911 viai,
1251 2852 1296 2899 h.
1312 2869 1353 2900 e.

212 2914 322 2977 quia
346 2916 502 2961 vinum
526 2915 694 2962 laudat.
730 2917 792 2962 Z.

279 2991 306 3038 7
343 2980 482 3026 Pater
496 3001 514 3035 ‚-
545 2978 702 3026 Latini
725 2980 894 3028 scilicet
916 2981 1142 3030 carminis.

118 3058 131 3067 ·
212 3036 217 3041 ⁵
274 3046 361 3091 Ad
394 3062 522 3093 arma
558 3046 765 3101 dicenda,·
802 3046 869 3094 ad
900 3047 1056 3095 Libros
1088 3049 1350 3098 Annalium.

207 3110 326 3163 Vct.
350 3109 503 3159 Schol.

277 3172 307 3222 8
342 3174 469 3222 Mire
506 3176 727 3240 prosiluit,
772 3187 989 3241 tanquam
1034 3177 1127 3240 ipse
1172 3194 1345 3240 pugna·

203 3252 359 3289 turus.

273 3307 436 3355 Forma
470 3305 708 3372 Putealque
738 3307 918 3355 Libonis
934 3328 952 3362 ,·
998 3307 1155 3369 supple
1201 3308 1346 3355 Dixit

202 3372 393 3420 Ennius.
462 3372 571 3419 Vet.
604 3372 756 3420 Schol.
794 3374 943 3435 Cruq.
999 3373 1136 3435 Quod
1174 3372 1345 3419 mirum

201 3450 274 3485 est
307 3452 399 3484 non
431 3436 674 3486 advertisse
707 3438 989 3502 interpretes.
1050 3439 1221 3486 Puteal
1255 3440 1345 3485 Li·

197 3503 318 3551 bonis
336 3519 357 3559 ‚⁹
390 3502 507 3551 sedes
523 3506 735 3567 praetorfs
796 3509 883 3563 uit,
905 3513 1041 3568 prope
1063 3506 1230 3552 Arcam
1250 3504 1344 3550 Fa-

195 3569 390 3616 bianum.
476 3568 589 3615 Vet.
633 3569 752 3616 Scho
769 3602 783 3616 .
870 3570 1082 3618 Sacellum
1126 3583 1223 3618 erat
1264 3588 1339 3616 su-

188 3644 329 3699 perne
360 3642 597 3698 apertum3
635 3635 757 3696 quod
789 3636 986 3683 ostendit
1020 3634 1252 3699 Cruquius
1283 3650 1340 3683 ex

200 3700 353 3749 Festo.
403 3699 510 3747 Hoc
542 3710 613 3747 est
634 3715 709 3747 ara
729 3700 900 3750 conditi
924 3700 1162 3749 Fulminis.
1215 3699 1338 3748 Vide

200 3764 488 3813 Gutherium
525 3764 581 3811 de
624 3765 739 3831 Jure
785 3765 1022 3814 Manium.
1054 3767 1110 3815 B.
1181 3765 1342 3814 Puteal

195 3830 377 3887 Libonis
399 3829 626 3878 recentius
648 3832 782 3891 longe
803 3832 973 3878 Ennio.
1014 3830 1090 3879 De
1112 3847 1168 3879 eo
1192 3832 1338 3880 serm.

195 3906 243 3944 2.
276 3893 326 3954 6,
359 3908 441 3957 35.
505 3896 630 3956 Ergo
654 3896 798 3943 Ennii
818 3912 911 3943 non
933 3907 1084 3959 potest
1105 3913 1200 3945 esse
1225 3896 1338 3943 inud

193 3961 417 4021 edictum.
480 3960 667 4010 Scilicet
691 3962 840 4008 Edixi
862 3960 1123 4021 legendum,
1158 3973 1208 4009 ut
1231 3962 1339 4010 Ho-

186 4026 337 4079 ratius
357 4028 411 4074 de
433 4041 479 4072 se
502 4025 716 4089 loquatur
736 4042 830 4073 non
862 4028 1014 4074 minus
1036 4043 1171 4089 quam
1194 4043 1238 4073 v.
1261 4023 1341 4075 18.

190 4091 336 4140 Conf.
377 4094 421 4140 E
454 4092 525 4138 ist.
560 4105 606 4139 1.
636 4104 687 4153 5.
720 4104 797 4152 19.
860 4090 1059 4154 Decepit
1090 4093 1339 4140 Basterurn

186 4170 406 4221 corrupta
472 4156 566 4205 ctio
589 4158 703 4206 Vet.
722 4156 876 4205 Schol.
911 4159 975 4205 G.
1032 4221 1042 4231 Ο

181 4235 288 4335 ..3,
302 4222 556 4348 35:⁶2
586 4225 884 4340 {arms
908 4220 1336 4350 §.zmzzff‘ssss

180 4364 230 4399 et
241 4357 363 4402 siais
381 4366 429 4403 et
458 4357 629 4418 severis
654 4354 844 4405 Comice
862 4353 1076 4419 protulit,
1090 4368 1172 4418 pro
1181 4353 1335 4403 sobriis

174 4429 226 4475 et
249 4418 479 4477 trffls'bee.

1647 1806 1705 1854 13
1745 1803 1954 1856 tesquore
1994 1789 2135 1838 Mur.
2169 1789 2289 1836 Dae.
2322 1787 2432 1850 quod
2465 1802 2570 1833 nus-

1490 2004 1615 2051 Mire
1657 2005 1818 2061 edixit,
1853 2018 1959 2051 eum
2002 2002 2056 2050 de
2098 2010 2292 2062 praetore
2337 2007 2442 2044 ante
2487 2010 2568 2042 co·

1421 2067 1632 2129 gitasset;
1673 2086 1777 2116 nam
1801 2069 2006 2132 praetoris
2023 2077 2151 2112 erant
2168 2066 2330 2112 edicta·
2364 2061 2559 2114 Edixin

1424 2137 1546 2180 visas
1585 2146 1645 2181 est
1677 2133 1860 2182 omnibus
1899 2137 2074 2179 dixisse.
2108 2131 2221 2176 Vet-
2262 2126 2438 2198 Scl'lol.¹
2461 2125 2562 2173 Ml·

1423 2214 1528 2246 rum
1550 2214 1618 2247 est
1640 2200 1994 2250 eruditissimum
2011 2195 2270 2255 Bentleium
2292 2207 2386 2241 non
2400 2192 2562 2265 vidisse

1422 2264 1521 2312 haec
1554 2281 1647 2313 esse
1671 2265 1807 2312 Ennii
1840 2264 1991 2319 verba,
2021 2260 2267 2325 praesertim
2303 2272 2407 2304 cum
2442 2266 2562 2303 anti-

1422 2345 1512 2392 qua
1528 2330 1711 2378 Scholia
1730 2330 1842 2377 illud
1864 2330 2001 2376 modo
2019 2327 2316 2374 monuissent.
2371 2322 2560 2369 Frustra

1420 2395 1559 2456 igitur
1581 2396 1655 2443 illc
1678 2394 1877 2458 reposuit
1898 2395 2017 2441 edixi
2040 2408 2122 2455 pro
2142 2391 2297 2447 edixit,
2328 2404 2379 2436 ac
2409 2387 2445 2433 si
2486 2386 2557 2434 sui

1418 2461 1556 2523 ipsius
1600 2461 1731 2509 verba
1777 2470 1975 2507 narraret
2021 2455 2259 2505 Horatius.
2305 2454 2361 2502 B.
2440 2452 2554 2504 Non

1418 2539 1542 2574 recte
1585 2529 1640 2575 ad
1679 2529 1789 2574 Vet.
1830 2524 1981 2573 Schol.
2023 2532 2236 2586 provocat
2274 2521 2343 2567 vir
2379 2519 2553 2566 doctus.

1419 2591 1693 2656 Porphyrio.
1723 2592 1833 2639 edit.
1869 2585 2008 2648 1486.
2039 2600 2141 2635 tum
2177 2587 2308 2633 Pinc.
2348 2585 2400 2631 it.
2441 2587 2555 2639 Asc.

1420 2670 1562 2720 ¹519-
1584 2670 1645 2704 et.
1678 2656 1854 2704 Fabrie.
1890 2666 2032 2714 1555·
2059 2653 2122 2699 ita
2155 2651 2348 2708 habent;
2383 2649 2552 2697 Stati-

1418 2735 1467 2769 ut
1486 2723 1562 2771 boc
1586 2726 1735 2770 visunt
1756 2732 1817 2769 est
1839 2721 2026 2768 omnibus
2056 2720 2231 2773 dixisse,
2262 2732 2362 2779 quae
2396 2714 2547 2762 multo

1417 2803 1524 2835 sane
1564 2786 1844 2836 commodius
1881 2786 1936 2832 ad
1969 2784 2117 2847 ipsum
2155 2783 2402 2830 Horatium
2432 2779 2554 2827 refe-

1416 2866 1597 2900 runtur.
1663 2853 1881 2900 Ceterum
1915 2848 2073 2897 similis
2100 2848 2208 2895 huic
2240 2844 2461 2893 sententia
2484 2855 2554 2892 est

1416 2921 1523 2966 Art.
1543 2920 1598 2965 P.
1633 2930 1744 2979 297.
1808 2917 2033 2964 Omnium
2069 2912 2336 2962 saeculorum
2369 2908 2555 2972 querela

1414 2997 1499 3040 est,
1522 2984 1644 3046 quod
1669 2982 1908 3029 imitantur
1936 2979 2145 3026 homines
2173 2989 2381 3025 externas
2414 2990 2551 3038 quas·

1414 3049 1520 3095 dam
1543 3060 1689 3104 notas,
1719 3063 1835 3108 saepe
1858 3046 2055 3102 vitiosas,
2085 3059 2180 3090 rem
2203 3043 2343 3104 ipsam
2369 3056 2459 3087 non
2477 3050 2552 3087 at-

1411 3114 1613 3174 tingunt.
1643 3114 1706 3160 G.
1770 3111 1999 3158 Revocavi
2033 3109 2266 3172 antiquam
2301 3105 2546 3153 lectionem

1408 3181 1566 3241 edixit,
1587 3189 1641 3226 ut
1661 3177 1937 3238 intelligatur
1955 3174 2149 3229 Ennius,
2164 3171 2549 3235 quemadmodum

1409 3244 1545 3291 series
1592 3243 1806 3291 orationis
1844 3241 2056 3289 ostendit.
2119 3240 2245 3286 Nam
2289 3236 2404 3285 salva
2444 3248 2547 3282 moa-

1409 3309 1551 3356 destia
1586 3308 1810 3355 Horatius
1843 3322 1936 3353 uon
1969 3305 2031 3351 sic
2064 3305 2119 3352 de
2153 3320 2198 3352 se
2231 3302 2356 3366 loqui
2383 3312 2548 3364 potest.
2609 3316 2614 3325 ·

1410 3376 1479 3422 At
1527 3373 1683 3437 puteal
1731 3370 1925 3420 Libonis
1980 3382 2049 3417 est
2096 3368 2325 3418 recentius
2379 3367 2580 3413 Ennio.'

1409 3440 1585 3488 Recte:
1621 3439 1698 3486 sed
1717 3449 1852 3503 poeta
1871 3449 1978 3484 usus
2001 3446 2069 3483 est
2101 3434 2295 3505 prolepsi
2316 3431 2549 3481 historica.

1472 3583 1529 3617 11
1568 3569 1794 3620 Nocturna
1822 3582 1990 3617 certare
2018 3586 2161 3614 utero:
2197 3565 2328 3612 Mira
2350 3561 2545 3622 Enargia

1404 3635 1711 3683 assiduitatem
1747 3634 1966 3696 significat
2002 3632 2219 3696 potandi3
2249 3630 2392 3686 sicin
2424 3632 2543 3676 Arte

1404 3700 1620 3749 Poeticat
1678 3701 1905 3749 Nocturna
1954 3708 2130 3747 versate
2175 3714 2319 3753 manu,
2369 3707 2548 3747 versate

1402 3766 1580 3817 diurna.

1472 3844 1534 3880 12
1571 3830 1710 3879 Vultu
1749 3840 1877 3879 torvo
1901 3830 2035 3895 ferus
2052 3853 2071 3889 ,-
2110 3829 2220 3876 Cato
2254 3825 2431 3874 Senator
2451 3824 2549 3872 Ro-

1402 3914 1573 3955 nanus,
1608 3907 1661 3944 ut
1694 3899 1890 3946 severior
1926 3905 2179 3961 appareret,
2207 3895 2373 3939 intonsa
2403 3890 2546 3938 barba

1401 3963 1672 4026 capillisque,
1718 3961 1924 4027 prodibat
1976 3964 2022 4008 in
2073 3960 2305 4026 publicum,
2359 3957 2545 4019 duroque

1399 4029 1683 4075 calceas-ento
1725 4041 1768 4075 et
1810 4037 1925 4093 sepe
1963 4026 2095 4088 nullo,
2123 4035 2323 4090 ⁴togaque
2366 4026 2541 4086 exigua.

1404 4094 1516 4139 Vet.
1540 4091 1693 4140 Schol.
1716 4092 1858 4155 Cruq.
1921 4091 1997 4139 De
2013 4093 2190 4139 Catone
2211 4088 2412 4150 loquitur
2430 4086 2540 4134 Uti-

1397 4157 1539 4207 censi.
1569 4158 1625 4206 B.
1679 4157 1819 4206 Cous.
1841 4156 2077 4207 Plutarch.
2099 4156 2205 4205 Cat.
2228 4153 2352 4201 Min.
2373 4167 2469 4216 cap.
2495 4163 2541 4200 1.

1399 4221 1448 4275 6.
1471 4236 1552 4281 44.
1573 4234 1622 4270 et
1643 4233 1725 4281 50.
1761 4224 1825 4272 Ζ.

1470 4301 1529 4347 13
1591 4287 1807 4349 Textore3
1873 4287 2089 4351 nequibat
2141 4285 2289 4334 dicere
2343 4295 2541 4331 textura.

1402 4356 1564 4416 Apage
1598 4363 1800 4421 tesquore.
1830 4354 1885 4405 B.
1952 4353 2094 4406 Conf-
2113 4350 2302 4402 omuino
2328 4350 2477 4414 Epist.
2499 4360 2544 4397 ι.

1405 4432 1450 4468 1·
1471 4430 1553 4480 94·
1588 4420 1652 4469 G.

1472 4492 1515 4548 2
1547 4501 1591 4549 1.
