3000 4979
347 253 505 321 xviii
575 255 707 322 DE
738 253 1375 326 TEMPORIBUS
1406 251 1932 325 LIBRORUM
1967 252 2415 337 HORATH,
2454 261 2573 326 ἃς.

353 432 655 507 cessisse
694 444 1029 513 testatur.
1143 433 1383 535 Atqui
1419 434 1606 515 nihil
1638 434 2035 534 quicquam
2070 432 2198 509 hie
2227 436 2330 515 de
2367 429 2674 517 Soecula-

352 555 553 631 ribus
584 558 772 631 ludis
805 558 1142 656 proditur
1163 589 1187 651 ;
1243 560 1375 636 sed
1433 572 1567 636 aut
1622 560 1719 634 ad
1784 557 2045 643 Dianae
2105 568 2237 633 aut
2299 556 2673 656 Apollinis

354 678 629 757 festum
662 693 977 780 spectat,
1013 707 1323 781 quorum
1360 682 1542 758 illud
1580 706 1832 759 mense
1870 680 2247 779 August0‚
2290 680 2438 756 hoc
2469 679 2676 763 Julio

358 802 670 904 singulis
727 805 941 880 annis
998 806 1536 885 celebrabatur.
1665 804 1956 881 Eodem
2013 805 2337 904 pertinet
2398 803 2676 883 Catulli

356 954 663 1005 carmen
721 927 1051 1009 XXXV.
1112 932 1384 1006 Dianoe
1424 954 1660 1007 sumus
1693 931 1770 1005 in
1787 933 1958 1028 fide
1980 961 2012 1020 ‚-
2066 928 2269 1029 quod
2307 927 2678 1011 Saeculare

355 1054 587 1131 etiam
645 1079 692 1128 a
749 1053 923 1129 viris
979 1053 1221 1129 doctis
1272 1056 1587 1154 pessime
1621 1052 2091 1144 inscribitur3
2146 1077 2319 1137 cum
2357 1052 2542 1127 nihil
2573 1050 2680 1128 ibi

356 1174 457 1251 de
492 1174 787 1253 Saeculo
853 1177 1242 1270 habeatur,
1297 1180 1508 1278 isque
1553 1178 1686 1252 diu
1720 1177 1916 1252 diem
1955 1175 2221 1250 obierit
2252 1189 2430 1251 ante
2464 1174 2681 1250 ludos

358 1300 696 1401 Augusti
755 1301 1181 1380 Saeculares.
1255 1302 1458 1379 Tum
1493 1315 1575 1378 et
1611 1301 1719 1376 11.
1765 1310 1880 1381 17.
1986 1298 2116 1374 Ad
2174 1299 2679 1376 Maecenatem

356 1437 757 1522 aegrotum,
783 1426 1087 1503 immani
1114 1427 1712 1526 parachronismo
1737 1424 1834 1499 ad
1866 1423 2162 1499 Horatii
2197 1447 2478 1499 annum
2507 1421 2677 1500 LV.

361 1548 559 1627 ultra
586 1549 756 1625 libri
794 1549 1036 1648 quarti
1072 1562 1413 1649 tempora
1473 1549 1873 1648 ablegant3
1926 1546 2156 1647 idque
2191 1546 2335 1621 levi
2374 1559 2453 1622 et
2484 1545 2684 1623 futili

359 1684 827 1772 argumente,
891 1673 1095 1773 quod
1154 1700 1248 1753 eo
1306 1699 1509 1749 anno
1567 1673 1926 1750 continua
1987 1672 2355 1746 insomnia
2433 1669 2687 1746 vexari

362 1800 677 1897 coeperit
739 1799 1120 1876 Maecenas
1179 1800 1502 1876 triennio
1556 1813 1731 1875 ante
1786 1799 1987 1875 diem
2049 1797 2400 1889 fatalem;
2473 1796 2686 1898 quasi

363 1947 542 1999 vero
599 1948 750 1997 non
814 1921 980 2023 plus
1057 1923 1288 2001 semel
1343 1925 1421 1997 in
1483 1936 1638 1998 tam
1690 1922 1916 2022 longa
1974 1922 2129 1998 vita
2185 1922 2688 2020 aegrotaverit,

364 2070 590 2145 quem
629 2045 911 2120 Plinius
946 2044 1176 2145 major
1210 2045 1399 2121 VII.
1460 2059 1584 2125 51.
1630 2058 1989 2144 perpetua
2042 2048 2264 2143 febre
2308 2046 2402 2120 ab
2437 2044 2691 2121 adole-

321 2169 656 2259 ..scentia
712 2168 1075 2259 laborasse
1137 2168 1468 2251 tradidit.
1577 2168 1778 2246 Illud
1822 2194 1997 2245 vero
2030 2170 2110 2244 in
2145 2169 2502 2247 Sermone
2537 2154 2685 2251 VI.

364 2292 534 2369 libri
571 2305 643 2369 2.
776 2294 978 2383 Quid
997 2299 1033 2369 ,ι’
1110 2293 1449 2367 militibus
1504 2294 1860 2389 promissa
1934 2295 2326 2393 mquetra
2385 2296 2690 2378 Praedia

362 2418 637 2509 Caesar,
665 2440 766 2492 em
796 2428 908 2492 est
935 2418 1132 2495 Itala
1162 2420 1413 2494 tellure
1445 2421 1805 2504 daturus?
1885 2441 2070 2511 non,
2129 2430 2217 2494 ut
2273 2416 2556 2508 volunt,
2592 2417 2692 2500 ad

334 2566 700 2647 *pugnam
769 2540 1165 2622 Actiacam
1232 2566 1662 2641 annumque
1747 2538 2001 2620 Flacci
2085 2541 2420 2620 XXXV.
2504 2543 2692 2626 refe·

367 2645 686 2746 rendum
744 2677 934 2759 erat,
994 2690 1135 2744 nec
1186 2665 1286 2741 ad
1348 2665 1900 2766 Philippensem
1951 2690 2327 2744 annumve
2381 2667 2684 2750 XXIV.

366 2788 646 2888 quippe
668 2789 767 2866 de
783 2815 1129 2889 agrorum
1151 2791 1515 2866 divisione
1535 2791 1660 2865 hic
1680 2791 1954 2889 agitur,
1974 2816 2145 2891 quae
2172 2804 2340 2891 post
2362 2789 2691 2874 Siculam

366 2913 470 2990 de
506 2914 862 3013 Pompeio
895 2913 1281 3000 victoriam
1315 2926 1394 2990 et
1430 2913 1702 3013 Lepidi
1737 2914 2197 2996 deditionem
2232 2915 2311 2989 in
2373 2915 2691 3017 Campa÷

368 3038 496 3132 nia
537 3036 861 3139 alibique
916 3039 1116 3124 facta
1170 3052 1314 3132 est,
1373 3061 1573 3114 anno
1631 3037 1883 3128 Flacci
1939 3037 2239 3114 XXXI.
2279 3049 2363 3123 ut
2394 3039 2692 3124 disertis

370 3161 615 3250 verbis
672 3176 920 3254 narrat
974 3163 1126 3244 Dio
1176 3189 1358 3265 pag.
1396 3173 1572 3238 456.
1609 3174 1787 3245 457.
1851 3161 2290 3248 Plutarchus
2346 3162 2689 3246 Antonio

373 3308 546 3386 pag.
608 3295 786 3374 941.
865 3287 1299 3368 Paterculus
1360 3286 1467 3378 IL
1536 3300 1661 3376 81,
1722 3297 1803 3363 et
1859 3286 2251 3388 Appianas
2323 3309 2399 3387 p.
2461 3298 2692 3372 1176.

374 3409 552 3492 Alia
585 3412 835 3488 omnia
858 3412 1017 3514 pari
1041 3412 1400 3492 felicitate
1426 3411 1727 3502 refutari
1749 3423 2047 3513 possent
2071 3439 2097 3506 ς
2149 3410 2284 3496 sed
2308 3410 2421 3490 his
2442 3408 2688 3496 &uere

374 3542 459 3610 ct
489 3530 677 3610 vale.
