3000 4979
431 334 569 379 xxx
760 311 1196 379 BAXTERI
1251 309 1773 377 PRAEFATIO
1819 311 2139 395 PRIOR,
2194 314 2406 382 SIVE

433 517 650 607 tium,
687 516 825 591 tria
862 515 1156 589 Horatii
1192 498 1492 588 lumina.
1571 511 1980 589 Lambinus
2012 506 2481 614 πολυμαθείᾳ
2517 522 2749 615 atque'

437 639 821 738 diligentia
880 637 1140 728 mirus;
1197 636 1571 735 Cruquius
1622 638 1952 735 apprime
1991 638 2256 714 doctus
2289 640 2748 739 ingenioque

434 763 901 862 praecipuu83
992 760 1426 834 Torrentius
1496 771 1575 834 et
1640 760 1914 858 probus
1981 774 2072 838 et'
2113 761 2381 860 judicii
2452 764 2752 862 plenus;

429 886 1084 987 pulcherrimisque
1191 886 1407 958 rebus
1500 883 1774 983 ubique
1859 885 2212 960 refertus:
2317 909 2574 960 omnes
2666 885 2744 958 in

429 1009 894 1117 conferendis
996 1007 1283 1106 scriptis
1385 1006 1765 1081 codicibus
1851 1006 2418 1106 diligentissimi.
2551 1008 2742 1083 cru-

431 1133 689 1231 quium
776 1133 928 1206 fere
1012 1156 1146 1230 per
1231 1131 1480 1208 omnia
1566 1131 1897 1229 sequitur
1982 1132 2059 1205 in
2147 1130 2525 1207 luculenta
2610 1155 2744 1205 sua

428 1254 858 1352 Paraphrasi
946 1253 1326 1344 Lubinus;
1415 1253 1616 1327 hunc
1696 1255 1966 1328 iterum
2048 1254 2418 1353 excerpsit
2486 1268 2743 1328 noster

426 1372 781 1447 Bondius.
889 1371 1276 1470 Superiore
1338 1371 1562 1444 etiam
1611 1371 1883 1445 saeculo
1922 1370 2494 1472 Christophorus
2543 1372 2745 1446 Lan-

421 1494 641 1568 dinus
685 1491 999 1591 plurima
1050 1505 1268 1563 acute
1318 1488 1648 1586 protulit.
1757 1489 1936 1563 Erat
1987 1502 2065 1565 et
2100 1490 2477 1565 Antonius
2515 1488 2754 1564 Man-⁶

421 1613 732 1691 cinellus
767 1614 991 1687 homo
1027 1612 1341 1710 diligens
1378 1627 1453 1687 et
1490 1613 1746 1687 multae
1782 1613 2147 1699 lectionis,
2185 1627 2269 1688 ut
2302 1637 2473 1687 vere
2511 1611 2605 1687 de
2642 1637 2744 1687 eo

423 1734 835 1809 Glareanus
873 1731 1207 1805 censuit:
1248 1731 1434 1805 solas
1470 1746 1716 1806 tamen
1757 1731 1990 1822 odas,
2025 1731 2228 1831 quod
2266 1733 2567 1832 quidem
2597 1734 2746 1808 sci-¹

419 1882 605 1943 muS,
675 1855 798 1928 hic
850 1856 1371 1950 interpretatus
1424 1866 1558 1927 est.
1668 1854 2044 1928 Antonius
2102 1854 2442 1931 Muretus
2492 1882 2741 1954 pauca

417 1986 958 2055 commentatus
995 1989 1131 2077 est,
1167 1974 1295 2047 sed
1330 1974 1551 2072 plane
1586 2001 1830 2049 aurea.
1900 1977 2275 2052 Henricus
2313 1978 2748 2079 Stephanus

414 2102 732 2179 feliciter
763 2098 1015 2171 limam
1049 2121 1251 2171 suam
1289 2097 1644 2173 admovit.
1749 2100 2020 2176 Caeteri
2057 2101 2175 2175 vel
2209 2101 2357 2177 hoc
2394 2126 2544 2177 uno
2575 2102 2742 2177 lau·

417 2225 671 2315 dandi,
695 2220 894 2322 quod
915 2232 1207 2296 tantum
1235 2221 1669 2319 scriptorem
1695 2223 2224 2316 adamaverint,
2247 2249 2572 2325 curaque
2595 2251 2740 2302 sua

416 2352 723 2448 dignum
754 2345 1355 2421 existimaverint.
1430 2345 1743 2424 Heinsio
1770 2372 1915 2425 non
1943 2350 2178 2426 defuit
2197 2353 2566 2443 doctrina,
2593 2353 2739 2428 sed

414 2475 870 2553 Horatianus
892 2468 1174 2576 genius.
1224 2472 1347 2548 Dc
1371 2472 1744 2576 scaligero
1772 2476 2059 2552 mallem
2075 2478 2733 2558 AndreamDaee·

410 2602 601 2677 rium
638 2598 929 2673 audires
954 2622 982 2670 t
1024 2596 1130 2671 Ce
1153 2609 1449 2696 sqavant
1477 2599 1743 2674 homme
1770 2625 1815 2673 α
1840 2605 1948 2678 ete
1969 2605 2455 2695 malheurezae,
2477 2605 2735 2704 inquit

407 2725 560 2814 ille,
596 2727 775 2798 dans
808 2733 963 2795 tom
998 2720 1095 2794 les
1126 2721 1440 2793 εηᾱνοὶῶ·
1482 2724 1664 2819 qu’il
1690 2748 1735 2796 a
1772 2721 1989 2800 blame}
2007 2756 2039 2815 ,·
2094 2736 2170 2799 et
2206 2731 2294 2801 de
2347 2739 2570 2803 tontes
2615 2755 2742 2807 ses

407 2849 781 2946 CritiqueS,
815 2846 877 2918 il
892 2846 1019 2940 n’y
1052 2870 1096 2916 a
1118 2868 1259 2940 pas
1292 2869 1431 2918 une
1428 2845 1656 2939 juste.
1735 2846 2151 2923 Justissima
2176 2874 2349 2926 sane
2375 2877 2729 2950 censura,

400 2984 761 3068 tantoque
795 2969 952 3043 viro
984 2968 1236 3066 digna.
1324 2961 1768 3069 Tanaquillo
1803 2971 2042 3047 Fabro
2078 2975 2328 3048 caeteri
2363 2978 2725 3054 mortales

404 3095 695 3171 Acrisia
717 3093 961 3190 proles
987 3089 1355 3182 videntur,
1378 3093 1454 3166 in
1482 3094 1710 3192 ipsius
1729 3107 1977 3170 tamen
1998 3095 2270 3171 notulis
2306 3100 2455 3183 233⁸„
2494 3107 2719 3206 5712}-

397 3229 521 3305 De
567 3228 728 3327 ipso
758 3224 1085 3300 Dacerio
1136 3224 1260 3322 qui
1298 3221 1594 3298 Gallice
1628 3223 1874 3299 sciunt
1910 3224 2172 3300 meEus
2193 3225 2657 3325 judicabunt
2689 3263 2720 3313 τ

398 3376 622 3452 quare
662 3349 960 3424 Petrum
992 3346 1421 3420 Rodellium
1461 3346 1746 3438 audies,
1780 3348 2021 3422 virum
2059 3372 2208 3424 non
2244 3352 2714 3435 ineruditum

392 3474 487 3549 de
525 3471 895 3547 Societate
926 3469 1135 3560 Jesu,
1187 3470 1313 3568 qui
1348 3493 1588 3568 nuper
1619 3495 1885 3569 pauca,
1919 3472 2054 3547 sed
2084 3473 2308 3566 bona,
2342 3477 2420 3550 in
2461 3478 2720 3558 Hora..

386 3597 576 3670 tium
612 3593 1096 3692 conscripsit:
1153 3595 1447 3670 Judicet
1472 3617 1717 3692 aequus
1766 3593 1983 3684 lector
2029 3607 2105 3671 et
2147 3594 2402 3688 videat,
2457 3602 2712 3702 inquit

383 3715 538 3807 ille,
588 3719 876 3792 malitne
906 3719 980 3792 in
1015 3717 1146 3790 isto
1183 3718 1590 3815 lump-ete
1604 3720 1838 3818 fidem
1881 3743 1976 3792 an
2027 3722 2469 3820 diligentiam
2515 3730 2714 3802 desi-

388 3845 667 3916 derare.
773 3841 897 3916 De
949 3865 1069 3915 me
1105 3842 1265 3940 ipso
1308 3858 1589 3933 autem,
1640 3842 1882 3943 siquid
1916 3857 1993 3922 et
2028 3848 2207 3921 mihi
2245 3861 2414 3948 post
2441 3864 2711 3931 tantos·

383 3964 593 4038 viros-
626 3963 1050 4039 humanitus
1100 3964 1478 4053 acciderit,
1553 3968 1754 4065 quod
1823 3982 2025 4045 certe
2083 3968 2239 4061 fiet,
2298 3972 2702 4074 ignoscent

380 4087 716 4183 ingenui,
777 4100 854 4161 ct
903 4086 1308 4163 laudabunt
1359 4088 1844 4187 diligentiam,
1914 4091 2136 4166 etiam
2188 4096 2315 4170 ubi
2370 4097 2697 4177 defuisse

378 4208 751 4284 videbitur
817 4234 1216 4285 successus.
1320 4210 1529 4287 Nihil
1593 4236 1836 4286 moror
1884 4215 2177 4306 sciolOS,
2249 4223 2702 4316 momsuffos,

379 4344 454 4406 et
505 4331 926 4407 vultuosos:
991 4334 1101 4408 his
1153 4334 1379 4425 enim,
1429 4337 1602 4419 satis
1653 4336 1833 4426 scio,
1901 4336 2222 4436 placebit
2273 4343 2485 4431 nihil,
2542 4347 2695 4421 nisi
