3000 4979
557 358 640 415 28
1229 344 1315 421 Q.
1362 340 1776 411 HORATII
1828 337 2170 408 FLACCI

815 518 1163 587 Romulum
1191 533 1341 605 post
1366 519 1483 583 hos
1514 518 1708 604 priua,
1742 541 1821 583 an
1854 519 2134 606 quietum

812 630 1086 717 Pompili
1121 651 1385 718 regnum
1417 650 1783 707 memorem,
1816 651 1897 692 an
1929 626 2234 713 superbos

634 751 716 808 35
808 740 1119 829 Tarquini
1148 740 1362 818 fascea,
1395 738 1639 817 dubim,
1672 761 1753 804 an
1788 738 2052 802 Catonis

1150 828 1388 914 Nobile
1416 848 1631 913 letum.

807 959 1149 1049 Regulum,
1180 973 1244 1024 et
1276 960 1582 1047 Scauros,
1601 961 1953 1046 animaeque
1979 977 2229 1042 magnae

806 1048 1178 1158 Prodigum,
1212 1068 1418 1134 Poeno
1448 1082 1806 1153 superante,
1840 1066 2132 1144 Paulum,

802 1179 1042 1245 Gratus
1071 1178 1300 1265 insigni
1334 1176 1601 1243 referam
1635 1175 1938 1255 Camena,

1146 1287 1198 1351 F
1199 1286 1652 1372 abriciumque.

799 1391 1023 1475 Hunc,
1054 1410 1118 1462 et
1149 1397 1442 1462 incomtis
1474 1395 1741 1461 Curium
1771 1393 2014 1481 capillis

797 1505 1040 1575 Utilem
1071 1506 1240 1572 bello
1270 1505 1434 1585 tulit,
1465 1517 1530 1570 et
1561 1506 1903 1571 Camillum

794 1615 980 1681 Saeva
1003 1628 1361 1703 paupertas,
1393 1628 1456 1680 et
1495 1600 1697 1680 avitiis
1728 1629 1879 1702 apto

1128 1725 1299 1815 Cum
1329 1724 1462 1790 lare
1490 1724 1748 1793 fundus.

624 1296 710 1353 40

524 1892 592 1958 38
628 1892 759 1943 Siccae
780 1893 932 1943 MSS.
956 1894 1102 1943 Benel.
1126 1896 1333 1944 Paullum
1356 1908 1592 1958 superante
1615 1895 1755 1944 Poeno
1777 1895 1838 1943 al.
1962 1906 2024 1956 43
2060 1893 2151 1944 Pro
2172 1906 2286 1942 sam
2305 1894 2410 1958 eosq.
2434 1891 2611 1941 Casius
2643 1889 2762 1948 ieta,
2780 1900 2818 1938 ee

929 1960 1075 2007 Bml.
1094 1973 1261 2019 uncta,
1282 1978 1334 2009 ac
1353 1973 1471 2008 casta
1496 1962 1568 2007 W
1563 1961 1642 2008 ἰώ.
1785 1962 1876 2009 Pro
1890 1972 1998 2024 apto
2015 1965 2120 2027 κη’.
2139 1960 2290 2009 Bentl-
2310 1972 2424 2007 arto.

522 2106 691 2155 voluere
711 2106 785 2154 vix
810 2105 1025 2154 Latinum
1050 2119 1133 2155 est.
1182 2109 1236 2156 B.
1299 2109 1418 2156 Puto
1438 2118 1638 2155 veterem
1703 2106 1840 2167 igitur
1860 2107 2011 2154 mirari
2033 2120 2245 2167 magnum
2267 2101 2520 2152 Bentleium
2544 2100 2634 2150 hoe
2655 2116 2741 2149 non
2757 2101 2817 2147 vi·

524 2170 676 2218 Schol.
693 2171 770 2234 qui
808 2171 991 2235 exponit
1022 2172 1211 2234 primam
1234 2188 1393 2221 vocem
1428 2188 1510 2235 per
1530 2191 1640 2229 cun,
1700 2173 1843 2231 disse3
1875 2171 2098 2235 praeeipue
2124 2186 2232 2219 vero
2252 2181 2357 2218 cum
2379 2168 2471 2230 ipse
2494 2168 2644 2215 Poeta
2674 2165 2818 2214 Bruti-

521 2235 681 2295 legisse
701 2237 747 2282 in
768 2235 883 2283 libro
909 2252 992 2284 suo
1005 2255 1125 2301 quon
1146 2238 1216 2285 vel
1235 2256 1379 2302 quaa.
1445 2237 1637 2286 Pulchre
1700 2252 1884 2285 auarum
1915 2247 2032 2286 esset
2164 2236 2278 2294 ἀοι,
2314 2248 2424 2296 quas
2460 2246 2694 2294 nunquam
2721 2230 2810 2278 sub

519 2299 585 2346 ita
605 2300 806 2360 majestas
834 2300 996 2348 horum
1028 2300 1228 2367 eveniens
1259 2302 1539 2364 exprimitur,
1559 2318 1640 2349 vo·
1703 2304 1916 2362 Augusto
1950 2318 2040 2349 non
2092 2298 2285 2348 nudavit.
2349 2299 2506 2361 Apage
2541 2297 2684 2357 igitur
2716 2312 2816 2343 anne

521 2363 694 2413 luntate
719 2380 798 2411 sua
819 2364 909 2413 sola
936 2366 1101 2413 undam
1135 2367 1543 2429 comprimentium.
1577 2370 1640 2416 G.
1706 2368 1836 2414 Curti
1856 2367 1989 2415 nobile
2006 2369 2150 2414 letum.
2212 2366 2266 2412 B.

586 2441 653 2489 34
685 2428 892 2493 Super-boe
911 2430 1165 2497 magnificos.
1195 2431 1469 2480 Vet.Schol.
1516 2433 1636 2479 Tar-

517 2493 701 2556 quinius
720 2495 917 2550 Priscus,
934 2495 1120 2544 devictis
1135 2497 1388 2554 Hetruscis,
1400 2499 1634 2545 duodecim

517 2557 752 2607 Hetruriae
787 2560 1111 2609 Lucumonum
1134 2573 1325 2625 sceptra,
1352 2578 1456 2625 quae
1482 2575 1635 2626 postea

512 2622 654 2671 fasces
673 2624 911 2683 vocabant,
927 2625 1111 2687 adeptus
1129 2637 1211 2676 est.

578 2700 641 2748 35
677 2688 727 2735 T
716 2690 906 2752 arquis!
914 2689 1063 2753 fasces
1092 2691 1139 2739 in
1185 2692 1312 2740 Junii
1342 2691 1496 2755 (Bruti
1523 2707 1632 2741 con·

510 2753 642 2813 sniis)
651 2753 800 2816 fasce:
816 2754 980 2802 mutari
993 2767 1118 2818 optat
1133 2755 1463 2818 Cuningamus:
1490 2757 1631 2805 Bent-

508 2816 626 2865 leius
656 2833 735 2880 pro
770 2835 826 2866 an
863 2820 1056 2877 Catonis,
1081 2839 1192 2869 anne
1226 2823 1368 2868 Cart]
1385 2833 1532 2870 tentat
1565 2821 1632 2868 le-

508 2897 635 2942 gere:
658 2885 780 2945 quod
795 2894 1035 2956 tyrannum
1056 2884 1235 2934 laudare
1250 2888 1366 2948 apud
1378 2888 1631 2944 Romanoa,

507 2948 730 2996 Catonem
753 2950 868 3010 apud
899 2951 1173 3012 Augustum,
1191 2966 1347 3014 parum
1379 2952 1631 2999 conveniat.

1765 2443 1826 2494 37
1861 2432 1940 2478 M.
1979 2430 2196 2479 AEmilius
2218 2432 2410 2477 Scaurus
2442 2425 2511 2473 vir
2535 2423 2813 2485 gravissimus

1699 2509 1745 2543 et
1789 2497 2121 2559 potentissimus
2155 2507 2203 2542 et
2241 2495 2452 2556 Princeps
2489 2494 2685 2539 Senatus
2717 2488 2814 2537 suit.

1700 2562 1844 2612 Hunc
1867 2563 2070 2609 nominat
2091 2560 2195 2624 quia
2211 2570 2256 2607 et
2291 2559 2526 2618 Augustus
2549 2556 2769 2619 Princeps
2787 2568 2812 2601 a

1696 2628 1864 2674 Senatu
1889 2626 2108 2674 salutatus
2121 2637 2201 2672 est.
2234 2624 2482 2672 Prudenter
2498 2619 2609 2667 vitia
2626 2635 2705 2668 sua
2725 2620 2810 2666 die-

1696 2690 1940 2750 simulsvit,
1956 2702 2007 2739 ut
2028 2693 2282 2751 Augustus.
2344 2688 2472 2735 Hinc
2491 2683 2683 2745 legimus
2698 2683 2809 2747 apud

1724 2756 2097 2820 uvenalemficros
2120 2753 2312 2802 Senum.
2343 2752 2452 2799 vid.
2472 2748 2660 2798 Sallust.
2688 2749 2810 2798 Bello

1724 2837 1753 2868 u
1813 2819 1904 2867 rth.

1754 2837 1818 2946 {¹1⁸3
1853 2883 2054 2933 Gratiori
2084 2882 2249 2931 dicitur
2278 2895 2392 2930 sono
2422 2878 2662 2944 Prodigu-
2694 2878 2810 2926 Ρσυ-
2851 2915 2854 2922 .

1688 2950 1795 3007 ἱνα,
1820 2961 2049 3013 superante
2079 2949 2225 3004 Pena,
2252 2960 2389 3010 quam
2423 2942 2618 2992 Bentleii
2650 2943 2812 2993 Prode·-

505 3012 596 3058 Sed
630 3028 687 3060 ne
723 3013 941 3072 dicamus,
970 3025 1213 3078 utrumque
1249 3032 1343 3063 esse
1379 3027 1536 3064 contra
1569 3015 1627 3062 li·
1679 3032 1804 3079 gun,
1840 3015 1967 3061 Paeno
2009 3024 2252 3078 superante,
2292 3010 2498 3068 Paulam,
2532 3009 2658 3071 quod
2699 3021 2746 3056 et
2784 3022 2809 3055 a

505 3074 635 3124 broaz
671 3093 764 3125 non
785 3078 941 3141 probat
956 3080 1087 3141 poe'ta
1107 3096 1159 3129 su
1216 3080 1357 3129 rbiam
1370 3080 1631 3143 Tarquinii,
1687 3079 1908 3141 plerisque
1925 3078 2170 3128 Codicibus
2184 3076 2498 3125 confirmatum
2514 3074 2664 3122 video.
2695 3073 2807 3121 Pr·-

503 3155 563 3188 ne
585 3153 761 3190 accusat
780 3142 991 3205 quidem:
1026 3155 1153 3210 super
1181 3148 1200 3192 ι’
1218 3146 1338 3192 enim
1347 3147 1496 3208 susce:
1516 3155 1625 3192 sunt

501 3206 744 3266 magnifici,
774 3218 828 3255 ut
853 3218 993 3273 postes
1034 3210 1190 3258 carm.
1226 3224 1272 3267 4.
1312 3223 1391 3271 ¹5·
1431 3221 1488 3268 72
1546 3211 1623 3257 sed
1678 3218 1760 3274 per

500 3270 840 3319 memorabilem
861 3273 982 3320 illam
1005 3289 1156 3323 rerum
1180 3276 1263 3322 sub
1295 3274 1496 3336 Superbo
1513 3290 1625 3322 con·

498 3336 750 3383 versionem
780 3336 958 3396 dignam
979 3340 1111 3400 po'e'ta
1145 3339 1381 3386 materiam
1403 3339 1487 3386 ait:
1531 3338 1623 3387 Ca-

499 3409 655 3447 tonem
674 3415 757 3447 nec
772 3400 1054 3462 ipsum,1icet
1069 3403 1339 3465 aliquamdiu
1356 3403 1621 3460 Brutianuu

498 3474 547 3511 et
569 3465 940 3526 Pompeianorum
968 3466 1151 3521 amicus,
1176 3466 1327 3514 laudat
1348 3467 1622 3528 simpliciter,

495 3529 573 3575 sed
595 3545 645 3576 ea
661 3529 834 3578 ratione
854 3530 1131 3578 mentionem
1149 3530 1233 3578 viri
1252 3531 1380 3588 facit,
1392 3543 1445 3577 ut
1462 3532 1620 3581 Carm-

497 3603 547 3640 α.
568 3605 614 3639 1.
633 3605 712 3651 24.
757 3594 988 3656 Quidquid
1009 3595 1127 3642 enim
1150 3596 1206 3642 de
1226 3595 1426 3658 partibus
1445 3607 1491 3644 et
1512 3611 1619 3644 cau·

493 3671 543 3703 sa
565 3658 754 3706 Catonis
770 3659 937 3707 sentias
952 3660 1085 3707 nobile
1103 3671 1223 3708 certe
1255 3659 1340 3707 viri
1359 3662 1487 3707 leru-
1507 3660 1616 3721 suit,

493 3722 615 3783 quod
638 3738 720 3770 nec
744 3726 975 3784 Augustus
996 3724 1213 3772 celebrare
1236 3724 1395 3780 nollet,
1421 3727 1499 3787 qui
1523 3725 1615 3771 Ca-

492 3795 647 3834 tonem
666 3798 719 3834 ut
737 3792 878 3837 cives·
894 3800 941 3836 et
961 3794 1112 3837 vitun
1126 3789 1273 3837 boum
1291 3788 1490 3837 laudavit
1507 3789 1616 3836 Ma·

491 3850 614 3898 crob.
647 3853 738 3900 Sat.
759 3866 805 3903 2.
824 3868 873 3912 4.
891 3863 938 3901 et
959 3853 1227 3903 Ciceronem
1260 3855 1348 3914 legi
1368 3870 1393 3901 a
1426 3855 1518 3901 suis
1538 3870 1616 3900 ne-

489 3915 671 3977 potibus
714 3918 925 3974 voluerit,
965 3930 1198 3980 tamquam
1239 3918 1524 3981 eloquentem
1570 3931 1619 3967 et

489 3992 716 4028 amantem
734 3983 884 4044 patriae
899 3982 1065 4040 virum,
1080 3984 1206 4031 Plut.
1222 3984 1318 4031 Cic.
1330 3995 1443 4031 extr.
1457 3999 1610 4031 suam·

488 4058 579 4105 que
624 4044 769 4156 Βὲιῑο
821 4058 1013 4095 statuam
1062 4048 1273 4112 relinqui,
1302 4048 1436 4112 mut.
1478 4048 1611 4096 Brut.

485 4119 601 4162 extr·
634 4117 641 4122 '
710 4142 723 4155 .

460 4223 463 4224 Β
553 4173 662 4223 Hoc
682 4173 792 4222 dicit
823 4188 874 4223 ut
895 4178 1008 4226 Pom
1065 4177 1178 4226 ianis
1206 4177 1298 4226 suis
1325 4177 1612 4238 gratificetur.

486 4238 597 4299 Quo
633 4251 764 4299 pacto
795 4239 983 4289 Catonis
1064 4258 1115 4290 us
1145 4242 1373 4305 displicere
1407 4242 1608 4305 potuerit

483 4304 721 4362 Augusto,
754 4305 973 4366 cumipse
1006 4307 1144 4354 vellet
1171 4308 1314 4354 videri
1350 4324 1375 4355 a
1407 4307 1607 4370 partibus

483 4378 602 4415 stare
628 4368 788 4416 veteris
810 4368 1107 4431 Reipublicae,
1136 4383 1180 4419 et
1203 4372 1257 4418 ab
1284 4371 1355 4420 his
1376 4374 1428 4419 ad
1455 4374 1606 4435 Impe-

482 4431 601 4486 rium
635 4446 836 4491 evectus,
855 4446 902 4482 et
922 4450 1026 4485 cum
1051 4435 1293 4485 Caesariani
1318 4437 1454 4498 magis
1482 4437 1608 4483 fave-

434 4510 448 4524 ·
481 4509 581 4548 rent
616 4498 775 4548 Marco
797 4500 1019 4560 Antonio,
1039 4518 1170 4564 quam
1192 4498 1438 4564 Augusto?
1474 4503 1607 4549 Subit

1684 3145 1775 3208 engi
1791 3148 1985 3191 durantur
2015 3145 2209 3209 proprie,
2239 3143 2316 3206 qui
2347 3140 2452 3187 hou
2479 3156 2560 3185 m
2591 3157 2624 3185 a
2661 3157 2707 3186 ee
2723 3139 2809 3185 0¹3ae-

1759 3209 1884 3266 dunt,
1917 3218 1959 3256 et
1998 3212 2123 3272 qnasi
2152 3219 2285 3272 porro
2317 3222 2348 3252 a
2384 3221 2428 3252 u
2467 3211 2616 3268 agunt.
2702 3204 2810 3249 vet.

1685 3272 1836 3321 Schol.
1868 3274 1920 3320 B.
1971 3275 2142 3321 Anium
2162 3285 2332 3331 magnae
2343 3270 2568 3334 prodigun-
2595 3266 2804 3315 Paullum

1683 3353 1730 3400 q.
1750 3339 1794 3386 d.
1827 3353 2029 3398 parvum,
2046 3336 2171 3383 suavi
2201 3335 2274 3382 illa
2298 3333 2505 3382 antithesi
2538 3330 2670 3390 dicit,
2687 3330 2805 3394 quod

1682 3403 1938 3464 exemplum
1962 3399 2226 3448 Horatianis
2247 3398 2490 3462 Oxymoris
2521 3397 2686 3444 addere
2704 3407 2807 3459 pot-

1683 3478 1779 3514 erat
1810 3466 2008 3527 Cuning.
2028 3465 2271 3512 Animadv.
2300 3480 2341 3511 c.
2361 3476 2408 3527 9.
2470 3462 2705 3524 Loquitur
2725 3475 2805 3508 au·

1681 3543 1775 3579 tem
1814 3533 1868 3579 de
1910 3530 2105 3578 AEmilio
2146 3529 2306 3587 Paulo,
2345 3529 2423 3592 qui
2466 3528 2515 3576 in
2554 3527 2718 3591 praelio
2751 3528 2807 3577 ad

1682 3595 1863 3645 Cannas
1881 3596 2025 3658 periit.
2065 3597 2128 3641 G.

1741 3674 1807 3718 4ο
1837 3660 2104 3717 Fabricium,
2118 3673 2252 3721 quem
2270 3656 2471 3721 Pyrrhus
2493 3659 2806 3720 magnitudine

1678 3725 1817 3773 animi
1839 3741 1931 3772 non
1952 3725 2100 3772 minus
2121 3739 2254 3785 quam
2287 3720 2424 3770 armis
2442 3738 2596 3772 secum
2619 3735 2805 3772 eemn-

1677 3801 1770 3837 tem
1795 3790 1967 3837 dicebat
2004 3789 2216 3854 difficilius
2249 3788 2305 3834 ab
2332 3787 2559 3845 honestare,
2737 3808 2804 3836 so-

1677 3856 1758 3903 len
1795 3873 1824 3901 a
1845 3872 1918 3901 ruo
1947 3873 2069 3903 cursu
2089 3854 2241 3900 averti
2263 3864 2402 3918 posu.
2445 3853 2564 3901 Aur.
2637 3865 2721 3904 1ct.
2745 3855 2800 3902 de

1682 3920 1786 3966 Vir.
1806 3918 1877 3966 Ill.
1896 3931 1979 3979 35.
2040 3921 2104 3967 G.

1735 3997 1795 4040 41
1833 3983 2004 4032 Curius
2022 3985 2245 4030 Dentatus
2266 3981 2379 4030 dixit
2400 3997 2507 4030 eum
2530 3997 2622 4030 esse
2645 3981 2801 4045 perni-

1670 4047 1854 4162 {fssssi
1861 4048 2287 4161 ‘³”3‘222222‘P13‘m
2294 4048 2394 4160 135¹}
2410 4047 2568 4159 2⁸33:
2582 4047 2799 4160 ¹3:222?

1670 4190 1746 4226 tor
1768 4178 1866 4225 auri
1888 4177 2173 4226 Samnitium.
2216 4177 2284 4222 V.
2321 4176 2488 4224 Victor
2505 4177 2560 4236 de
2593 4174 2706 4223 Vir.
2730 4176 2803 4224 111.

1670 4255 1750 4303 33.
1810 4243 2010 4290 lacones.
2047 4242 2235 4306 capillis,
2261 4241 2494 4289 intonsum
2531 4251 2577 4288 et
2608 4240 2801 4303 capilla-

1668 4318 1770 4355 tum
1805 4321 1929 4355 more
1955 4307 2159 4370 antiquo,
2191 4306 2267 4353 aed
2299 4321 2392 4353 non
2426 4305 2803 4362 calamistratum,

1670 4388 1760 4420 non
1782 4382 2132 4432 unguentatum,
2151 4370 2270 4432 quod
2297 4370 2524 4433 sequentis
2544 4368 2693 4418 atatis
2717 4370 2800 4434 Ju-

1670 4452 1836 4488 venum
1858 4436 2030 4484 crimen
2047 4435 2154 4484 suit.
2216 4437 2282 4483 G.

1734 4512 1795 4561 43
1832 4502 1986 4558 Sava,
2015 4505 2202 4565 magna}
2242 4498 2386 4550 Saevns
2408 4498 2481 4550 11ὖὲ
2505 4498 2710 4550 AElce'dae
2734 4511 2800 4549 te·
