3000 4979
507 285 643 349 436
1218 282 1308 356 Q.
1343 281 1762 353 HOR'ATII
1813 285 2166 353 FLACCL

1310 726 1743 814 SATIRA
1803 729 2055 818 VIII.

516 949 578 1000 Ῑιι
601 951 886 999 Nasidienus
924 952 1091 1016 Rufum
1128 955 1455 1003 convivatores·
1492 957 1663 1022 vapido
1691 959 1942 1023 garrulum.
2002 959 2258 1017 (Pluscula-
2274 960 2339 1008 bis
2373 962 2520 1009 sinilia
2536 970 2618 1010 sm
2636 957 2707 1008 Ser.
2721 968 2757 1008 1.

584 1030 630 1074 4.
653 1016 741 1077 G.)
803 1018 1062 1065 Fundanius
1083 1018 1284 1067 Horatio
1306 1034 1487 1081 rogatus
1509 1035 1659 1070 narrat
1680 1025 1961 1082 convivium,
1978 1041 2072 1088 quo
2095 1027 2328 1075 Maecenas
2349 1039 2537 1090 exceptus
2553 1039 2632 1074 erat
2646 1043 2666 1072 a
2681 1026 2756 1073 Na·

584 1082 755 1130 sidieno
777 1082 991 1144 quodam,
1010 1083 1194 1131 homine
1217 1085 1371 1147 inepto
1393 1098 1438 1134 et
1462 1086 1668 1146 ridiculo,
1699 1090 1774 1151 qui
1816 1090 2095 1150 singulorum
2133 1091 2398 1140 ferculorum
2420 1093 2644 1166 juriumque·
2667 1104 2755 1151 ΡΩ·

583 1148 791 1193 stantiam
816 1148 971 1209 putide
994 1160 1187 1205 enarrat,
1206 1165 1257 1196 ac
1278 1150 1502 1198 rationem
1527 1154 1792 1201 conficiendi
1813 1155 2082 1217 exquisitam
2116 1157 2316 1219 exponit.
2388 1159 2524 1220 Quare
2556 1167 2693 1205 memo
2713 1153 2755 1200 nb

584 1212 753 1259 umbris
776 1213 1048 1261 Maecenatis
1068 1215 1294 1262 deridetur
1315 1214 1514 1264 hominis
1533 1218 1725 1267 stultitia
1750 1232 1797 1267 et
1818 1220 1966 1283 inepta
1993 1221 2200 1285 jactatio.

780 1365 886 1428 UT
914 1376 977 1428 te
1007 1363 1343 1430 Nasidieni
1377 1367 1549 1451 juvit
1578 1391 1763 1434 coena
1791 1371 1962 1437 beati
1981 1370 2015 1436 P

776 1475 947 1540 Nam
978 1478 1137 1541 mihi
1168 1482 1479 1565 quaerenti
1513 1485 1869 1564 convivam,
1904 1487 2113 1552 dictus
2143 1488 2297 1554 here
2325 1488 2448 1553 illic

774 1589 885 1655 De
916 1591 1127 1656 medio
1156 1606 1382 1679 potare
1413 1594 1535 1661 die.
1629 1603 1676 1674 ἿῘ
1714 1599 1838 1678 Sic,
1871 1614 1945 1665 ut
1975 1600 2135 1665 mihi
2167 1625 2482 1690 nunquam

777 1700 856 1764 In
890 1703 1020 1767 vita
1048 1702 1241 1769 suerit
1272 1707 1536 1772 melius.
1613 1714 1660 1785 ἿῘ
1693 1710 1822 1788 Da,
1856 1712 1907 1776 si
1940 1733 2133 1800 grave
2165 1735 2300 1777 non
2327 1726 2437 1788 est,

643 1820 689 1876 5
776 1809 946 1887 Quae
976 1814 1187 1899 prima
1215 1816 1448 1881 iratum
1480 1833 1768 1884 ventrem
1801 1821 2155 1906 placaverit
2185 1847 2352 1890 esca.

769 1926 815 1996 ἹῘ
850 1921 926 1985 In
959 1924 1180 2008 primis
1213 1925 1515 1992 Lucanus
1546 1953 1738 2015 aper:
1786 1932 1917 1997 leni
1949 1932 2069 1998 fuit
2099 1935 2345 2000 Austro

774 2032 1039 2117 CaptuS,
1073 2047 1145 2098 ut
1175 2037 1385 2101 aiebat
1417 2061 1622 2104 coenae
1651 2055 1878 2127 pater3
1927 2045 2101 2110 acria
2121 2028 2374 2112 ‘eircum

778 2142 1053 2227 Rapula,
1086 2138 1375 2225 lactucae,
1410 2149 1677 2229 radiceS,
1711 2152 1923 2239 qualia
1948 2154 2183 2221 lassum

775 2252 1602 2349 Pervellunt-stornachum,
1634 2261 1812 2341 siser,
1848 2263 2051 2343 baleo,
2084 2264 2321 2333 foecula
2353 2267 2502 2333 Coa.

514 2491 538 2526 1
578 2478 646 2525 Ut
666 2478 899 2528 Nasidieni
922 2499 1013 2529 cum
1036 2482 1181 2531 Bentl.
1202 2488 1331 2533 eei-m
1358 2488 1415 2534 G.
1436 2501 1479 2535 et
1505 2486 1574 2535 H.
1725 2503 1758 2540 2
1790 2493 2028 2542 convivam
2055 2510 2196 2557 quaer.
2237 2498 2383 2546 Bau.
2423 2497 2527 2545 Cun-
2656 2505 2683 2551 4
2704 2486 2770 2539 Dl‘

926 2566 1060 2596 onnes
1080 2565 1182 2598 ante
1205 2552 1317 2599 AIA.
1341 2555 1391 2600 ir.
1420 2552 1541 2601 Torr.
1570 2555 1711 2603 Benel.
1735 2557 1845 2604 Cun-
1872 2560 1930 2605 G.
2057 2574 2088 2620 5
2123 2577 2279 2624 pacav.
2304 2566 2363 2611 G.
2383 2561 2426 2610 S.

716 2781 721 2786 .
920 2723 1061 2772 SAT·
1095 2725 1231 2774 VIII·
1772 2733 1802 2781 6
1835 2736 2061 2796 Lucanus,
2112 2739 2447 2788 valentissimus.
2523 2738 2622 2785 Vet-
2666 2715 2778 2784 &bol-³.

577 2795 603 2830 1
643 2781 764 2831 Cum
787 2786 963 2835 duobus
980 2789 1171 2853 Cruquii
1190 2792 1445 2851 Codicibus,
1461 2807 1509 2842 et
1523 2793 1645 2843 Des·
1708 2799 1854 2862 Cruq.
2728 2862 2731 2865 ,

507 2849 714 2909 panterio
733 2851 1063 2911 Grammatico,
1084 2856 1258 2917 reposui
1287 2859 1347 2904 Ut
1371 2874 1429 2917 te,
1444 2876 1548 2907 cum
1567 2862 1643 2909 alii
1772 2866 1886 2913 Leni
1921 2869 2085 2916 Austro
2101 2889 2118 2922 ‚-
2170 2871 2270 2917 ποκ’
2293 2884 2484 2918 αιτνωο.
2541 2867 2641 2913 Vct.
2667 2857 2778 2910 Schol..

507 2925 680 2975 ponant
698 2927 854 2988 tepost
861 2920 1008 2981 juvit.
1074 2921 1126 2967 In
1150 2937 1281 2969 causa
1301 2922 1392 2971 fuit
1415 2926 1644 2988 Rhythmi
1709 2929 1853 2994 Cruq.
1918 2932 1994 2979 Ne
2027 2933 2208 2981 soeteret
2242 2935 2413 2984 scilicet
2436 2959 2448 2989 ς
2501 2945 2637 2981 austro
2663 2940 2776 2976 umen

963 2983 972 2993 ι
1028 2984 1039 2996 ο
1093 2987 1104 2996 n
1157 2986 1167 2995 ο

507 2978 829 3038 confragositas
852 2998 905 3029 ex
930 2999 1067 3032 nimia
1090 2987 1343 3034 imitatione
1364 2990 1552 3037 Lucilii.
1584 2993 1640 3039 B.
1700 2995 1852 3055 flante,
1897 3000 2019 3059 quod
2067 2998 2285 3063 affirment
2330 3002 2487 3049 lassam
2532 3013 2677 3044 carna·
2701 2989 2774 3053 ‘'W‘’

509 3041 557 3089 si
580 3043 667 3091 hoc
688 3045 881 3106 placeat,
913 3049 1144 3097 Nasidieni
1180 3068 1347 3100 nomen
1371 3071 1547 3118 semper
1568 3058 1640 3104 in·
1701 3079 1788 3108 esse
1808 3064 2032 3110 meliorem.
2108 3063 2252 3113 Alter
2276 3066 2430 3114 Schol.
2460 3066 2513 3113 B.
2564 3060 2774 3128 Probum!⁸

506 3108 641 3169 cipiet
660 3126 684 3155 a
701 3109 903 3175 Dactylo
924 3129 935 3160 z
961 3116 1038 3176 qui
1054 3114 1243 3164 alterum
1261 3121 1463 3180 praefert,
1484 3125 1500 3169 i
1521 3122 1640 3170 inter
1701 3125 1820 3174 forte
1841 3127 2078 3187 legendum
2103 3129 2271 3177 laxam.
2339 3131 2474 3178 Forte
2512 3130 2571 3176 ita
2604 3129 2774 3173 excusum

505 3175 601 3220 det
623 3193 644 3220 e
665 3190 986 3225 consonantem
1020 3180 1175 3237 faciet,
1206 3194 1259 3229 ut
1293 3184 1337 3230 in
1374 3187 1528 3243 abiete,
1551 3199 1638 3250 pa·
1703 3190 1983 3240 Nasidienus
2020 3195 2246 3242 rancidum
2277 3205 2449 3262 aprum.
2480 3193 2774 3242 wisam-

505 3233 630 3295 νίκη,
648 3255 752 3286 curn
777 3241 1028 3307 Dactylum
1046 3246 1232 3294 faciunt.
1299 3250 1513 3298 Ceterum
1533 3254 1643 3317 Refi
1703 3269 1784 3312 41.
1811 3259 1873 3305 G.

507 3318 776 3363 cognomen,
794 3310 915 3367 quod
941 3325 981 3356 v.
1002 3309 1082 3369 58.
1108 3310 1241 3359 habet
1265 3312 1554 3372 Nasidienus,
1571 3318 1640 3365 fa·
1771 3333 1796 3382 7
1833 3322 2044 3371 Ridicule
2062 3334 2236 3385 patrem
2260 3327 2467 3374 nominat
2490 3338 2616 3387 quem
2635 3327 2774 3383 puerum

504 3381 580 3417 vet
598 3372 1094 3433 conjecturae,Horatio
1113 3376 1186 3424 hic
1204 3381 1481 3440 propositum
1500 3382 1639 3431 fuisse
1703 3388 1904 3448 putabat.
1984 3389 2139 3436 Fidem
2172 3390 2282 3438 facit
2315 3404 2442 3454 pater
2472 3405 2570 3438 cum
2599 3388 2717 3456 docet:
2738 3379 2773 3425 B·

508 3431 817 3494 Salvidienum,
839 3438 893 3483 de
916 3454 1008 3500 quo
1032 3441 1187 3488 Sueto.
1207 3445 1332 3501 Aug.
1356 3444 1438 3493 66.
1487 3448 1641 3507 Fingit
1707 3451 1978 3515 Simpliciter
2020 3470 2146 3502 caenae
2178 3465 2319 3520 parer
2357 3468 2426 3504 est
2467 3466 2587 3520 pater
2622 3445 2778 3499 fnmffissv

505 3512 658 3547 autern
684 3500 907 3550 Horatius
928 3519 974 3550 se
996 3520 1125 3564 agere
1148 3521 1253 3553 curn
1278 3509 1531 3570 Fundanio,
1550 3512 1642 3562 vid.
1704 3517 1784 3580 qui
1828 3519 1966 3565 etiam
2015 3521 2203 3567 dominus
2236 3539 2358 3569 caenae
2390 3521 2463 3569 vel
2493 3520 2601 3585 epuli
2627 3523 2776 3563 vocatur·

504 3578 549 3609 v.
573 3579 595 3611 1
637 3597 649 3611 .
686 3568 744 3613 G.
1705 3583 1767 3630 G.

568 3577 705 3677 B9eatr'
727 3631 809 3678 sibi
830 3632 1043 3683 videntur
1063 3634 1269 3697 ineptuli.
1768 3644 1796 3695 8
1833 3648 2031 3712 Rapido,
2052 3650 2333 3698 manuumve
2361 3664 2446 3717 pro
2484 3650 2615 3716 rapis,
2641 3662 2698 3694 m
2721 3656 2778 3689 ’θ’

570 3706 602 3742 2
638 3695 764 3743 Here
783 3714 864 3759 pro
886 3700 997 3747 heri.
1029 3701 1144 3748 Ver.
1165 3702 1315 3751 Schol.
1698 3715 1787 3776 pis.
1821 3713 1932 3759 Vet.
1956 3715 2107 3761 Schol.
2130 3716 2274 3778 Cruq.
2750 3768 2760 3778 ,

569 3770 598 3818 3
636 3760 710 3806 De
730 3766 860 3809 medio
877 3785 895 3818 ,·
930 3765 1055 3812 festis
1089 3767 1243 3815 diebus
1281 3771 1446 3818 maturi
1490 3789 1639 3821 coena-
1770 3778 1976 3836 Radices,
1999 3779 2211 3842 ‘Pdpavon
2241 3782 2357 3829 vet.
2382 3780 2532 3829 Schol-
2555 3779 2677 3838 Cuiq-
2726 3770 2778 3816 s'c

503 3822 613 3870 bant
636 3826 844 3875 Veteres.
875 3829 933 3876 B.
1013 3831 1101 3877 Seu
1125 3832 1263 3881 festus
1287 3836 1380 3882 dies
1400 3837 1538 3886 fuerit
1560 3854 1637 3887 seu
1703 3854 1749 3890 et
1772 3843 1963 3891 Ovidius
1982 3860 1994 3891 :
2028 3846 2268 3909 Intubaque
2289 3860 2333 3894 et
2354 3848 2508 3895 radix.

501 3889 761 3950 profestus;
792 3908 916 3941 coena
938 3907 1057 3942 certe
1080 3895 1177 3944 haec
1198 3903 1475 3961 tempestiva.
1509 3905 1571 3950 G.
1765 3920 1795 3970 9
1833 3904 2780 3973 Pemellunt,pertinaciterveuicant,etbffl‘

566 3967 601 4010 4
634 3955 734 4012 Da,
756 3957 838 4003 dic.
873 3959 982 4006 Vct.
1001 3959 1237 4009 Scholiast.
1255 3966 1394 4028 Cruq.
1460 3969 1637 4017 Omnes
1700 3973 1754 4020 de
1777 3973 1891 4020 lasso
1911 3987 1957 4021 et
1979 3977 2121 4037 pigro.
2686 4034 2695 4047 ,
2717 4029 2739 4042 ,,

498 4027 653 4064 tamen
678 4019 869 4084 Cruquii
891 4036 1027 4086 atque
1047 4025 1283 4075 Torrentii
1305 4031 1494 4080 Codices
1516 4032 1636 4094 lege·
1767 4037 1900 4095 Siser,
1943 4040 2131 4088 Tiberio
2177 4041 2350 4089 Caesari
2403 4052 2502 4090 erat
2548 4041 2594 4088 in
2623 4035 2780 4085 delncmt

495 4093 609 4129 runt
633 4084 755 4131 Dic:
791 4087 861 4134 Ex
892 4088 1154 4148 glossemate
1189 4105 1238 4141 ut
1272 4109 1398 4156 puto.
1478 4098 1553 4146 sic
1585 4112 1629 4146 et
1698 4102 1820 4150 Galli
1862 4118 2024 4153 vocant
2083 4107 2268 4171 Cher-ny,
2311 4123 2397 4154 nos
2441 4105 2651 4160 barm,
2691 4093 2784 4161 θυοδ

495 4147 831 4214 VirgiliuS,qui
850 4155 912 4200 sir
932 4157 1008 4213 da,
1029 4155 1201 4219 Tityre,
1223 4161 1352 4224 nobis.
1432 4163 1495 4209 Et
1533 4180 1632 4211 rna·
1696 4170 2029 4231 corruptissime
2068 4172 2294 4234 profertur
2329 4188 2416 4235 pro
2460 4167 2782 4236 §uncinum

492 4212 559 4270 gis
582 4212 770 4262 Comice
809 4228 856 4264 et
893 4218 1053 4268 blande
1075 4222 1240 4270 dicitur
1263 4227 1343 4272 Da
1365 4243 1502 4290 quam
1527 4230 1634 4276 Dic·
1695 4243 1749 4280 ut
1782 4234 2029 4298 appellatur
2066 4237 2228 4297 Belgis.
2308 4238 2384 4285 De
2418 4236 2588 4285 Halece
2616 4244 2658 4281 et
2685 4229 2782 4276 Fffl

491 4277 702 4325 Bentleio
730 4290 882 4328 tamen
916 4287 1055 4347 magis
1085 4286 1232 4349 placet
1278 4293 1359 4348 dic,
1405 4294 1527 4355 quod
1572 4310 1628 4343 ex
1693 4298 1793 4346 vide
1826 4315 1958 4363 supra
1992 4314 2037 4350 2.
2058 4315 2104 4359 4.
2130 4313 2207 4363 73.
2241 4302 2294 4350 13.
2385 4301 2484 4352 Hic
2514 4299 2685 4352 dubium
2712 4303 2781 4341 ¹²⁰³

485 4341 895 4406 interpretamento
916 4361 1000 4398 est.
1692 4376 1779 4425 est,
1795 4381 1821 4415 e
1843 4366 1952 4417 vino
1974 4368 2077 4419 Coo
2096 4378 2317 4433 paratum.
2351 4369 2418 4419 G.

553 4423 584 4469 5
623 4410 745 4459 Bene
760 4411 1014 4476 placaverit
1029 4433 1134 4466 cum
1159 4420 1425 4481 praemiserit
1447 4424 1629 4475 iratum.
