3000 4979
397 347 518 415 168
1081 339 1167 416 Q.
1216 334 1565 404 HORAT
1567 336 1639 403 11
1687 336 2035 403 FLACCI

742 519 869 582 Seu
900 514 1107 580 rixam
1137 525 1203 578 et
1230 513 1491 579 insanos
1522 535 1796 593 amores,

836 632 965 696 Seu
997 626 1269 705 facilem,
1316 629 1428 713 pia
1454 641 1640 706 testu,
1675 649 2013 703 somnum3

483 751 524 810 5
661 742 1070 829 Quocunque
1099 739 1337 805 lectum
1367 741 1630 807 nomine
1663 740 2019 806 Massicum

660 856 909 931 Servas,
954 854 1197 918 moveri
1228 853 1430 942 digna
1457 854 1635 918 bono
1662 853 1789 932 die,

740 966 1104 1045 Descende,
1155 965 1441 1030 Corvino
1458 965 1752 1051 jubente,

834 1079 1140 1144 Promere
1168 1077 1573 1166 languidiora
1606 1078 1772 1142 vina.

657 1190 810 1255 Non
838 1189 968 1267 ille,
1017 1212 1382 1279 quanquam
1415 1190 1758 1256 Socraticis
1789 1188 2004 1254 madet

490 1317 567 1372 10
655 1304 1094 1382 SermonibuS,
1141 1318 1205 1369 te
1233 1304 1516 1392 negliget
1545 1302 1848 1369 horridus
1870 1327 1890 1366 z

739 1418 1060 1485 Narratur
1087 1431 1155 1484 et
1181 1418 1375 1504 prisci
1402 1418 1670 1483 Catonis

834 1534 1020 1618 Saepe
1052 1553 1232 1595 mero
1263 1529 1532 1597 caluisse
1560 1531 1782 1596 virtus-

650 1643 760 1709 Tu
790 1638 938 1708 lene
968 1657 1357 1709 tormentum
1386 1644 1648 1732 ingenio
1677 1643 1981 1708 admoves

659 1758 1048 1846 Plerumque
1071 1757 1275 1822 duro:
1321 1771 1390 1822 tu
1422 1757 1806 1842 sapientium

749 1871 955 1937 Curas
987 1884 1051 1936 et
1080 1894 1385 1936 arcanum
1406 1871 1635 1955 jocoso

831 1982 1190 2048 Consilium
1221 1984 1455 2070 retegis
1485 1981 1724 2069 Lyaeo:

650 2093 761 2160 Tu
789 2117 966 2181 spem
997 2096 1251 2161 reducis
1280 2096 1603 2161 mentibus
1633 2094 1862 2172 anxii&

655 2206 1009 2296 Vircsque3
1055 2223 1120 2274 et
1148 2209 1329 2274 addis
1360 2232 1601 2274 cornua
1630 2206 1919 2295 pauperi,

492 1880 568 1937 15

1619 2388 1682 2424 10
1713 2375 1906 2437 negliget
1927 2393 2063 2423 omnes
2083 2377 2238 2424 nostri.
2300 2373 2482 2436 negligit
2505 2372 2655 2422 Benet.
2675 2389 2735 2420 ea·

393 2389 424 2437 5
457 2375 619 2423 foetum
642 2376 830 2424 numine
846 2381 955 2443 conj.
976 2379 1120 2441 Beqtl.
1146 2379 1339 2442 explodit
1364 2378 1471 2425 Cim.

2238 2453 2298 2502 13
2322 2455 2504 2488 amoves
2525 2439 2667 2487 Brod-
2690 2447 2740 2485 es

456 2440 575 2489 MS.
594 2452 636 2489 et
656 2442 764 2488 Cim.
911 2455 973 2493 12
1006 2436 1240 2493 incaluisse
1269 2445 1419 2493 Bentl.
1439 2462 1493 2491 ex
1514 2444 1636 2491 citat.
1663 2443 1828 2491 Maris·
1855 2444 1905 2491 V
1903 2444 2088 2491 ictos-ini.

454 2510 632 2555 additur
642 2509 810 2573 glossa,
828 2521 1018 2572 separat.

391 2633 531 2682 etiam
544 2651 651 2683 cum
672 2647 758 2684 stat
775 2636 978 2684 sublimis
1004 2637 1050 2684 in
1074 2637 1314 2700 apotheca:
1357 2653 1527 2685 nomen
1592 2639 1703 2687 Vct.
1727 2638 1879 2687 Schol.
1946 2637 2023 2686 De
2066 2637 2244 2685 minore
2288 2637 2466 2685 Catone
2508 2651 2579 2684 res
2621 2646 2739 2683 nota

392 2700 589 2747 consulis
612 2702 815 2748 nondum
838 2703 979 2751 videt:
1020 2705 1260 2765 antiquum
1283 2715 1436 2752 tamen
1458 2704 1530 2750 vi·
1594 2717 1692 2751 erat
1714 2716 1760 2751 et
1782 2718 1952 2752 recens.
1984 2704 2040 2750 B.

393 2780 505 2812 num
531 2766 674 2811 novit.
739 2768 801 2812 G.
1664 2769 1840 2815 Priscus
1891 2781 2106 2831 tanquam
2160 2766 2428 2828 cognomine
2462 2777 2650 2814 vocatur
2684 2765 2740 2812 in

458 2831 639 2877 Lucium
663 2832 897 2879 Manlium
925 2831 1179 2895 Torquatum
1200 2836 1321 2891 dicis,
1342 2835 1417 2898 qus·
1436 2851 1532 2879 casn
1596 2833 1752 2896 primis
1773 2834 2045 2881 editionibus
2064 2833 2169 2879 libri
2201 2834 2255 2880 de
2279 2833 2350 2879 Re
2373 2832 2576 2880 Rustica.
2642 2831 2738 2877 Sed

395 2896 535 2943 Lucio
578 2897 762 2944 Aurelio
809 2898 934 2945 Cotta
992 2898 1151 2945 Consul
1186 2898 1349 2962 suerat
1403 2903 1535 2946 Anno
1597 2911 1746 2961 potest
1771 2900 1970 2946 Priscum
1994 2914 2152 2945 vocare
2197 2899 2334 2944 ctiam
2373 2899 2635 2944 Uticensem
2672 2894 2742 2942 il-

398 2960 531 3007 Urbis
585 2958 697 3009 688.
784 2961 1036 3026 Cruquius.
1118 2966 1320 3010 Adverte
1362 2974 1535 3011 veteres
1596 2963 1713 3020 lum,
1734 2964 1860 3026 cujus
1883 2976 2001 3011 certe
2024 2978 2173 3010 mores
2195 2965 2360 3018 Prisci.
2376 2974 2422 3009 et
2446 2973 2580 3008 notus
2601 2975 2741 3007 amor

391 3024 618 3089 scripsisse
643 3027 912 3086 Manilia-s,
944 3029 1196 3086 Manlium,
1227 3042 1360 3091 atque
1388 3029 1526 3076 etiam
1591 3029 1768 3076 bibendi
1790 3030 1862 3076 vel
1899 3045 1953 3076 ex
1994 3028 2116 3076 Plin.
2137 3027 2265 3089 epist.
2316 3041 2362 3088 3.
2405 3039 2482 3075 12.
2521 3041 2629 3073 cum
2676 3026 2736 3072 de

391 3091 636 3148 Mallium,
654 3093 774 3154 quod
796 3104 842 3140 et
864 3105 1036 3141 veteres
1056 3094 1290 3141 Torrentii
1314 3095 1459 3142 Codd.
1479 3104 1529 3141 et
1593 3093 1671 3141 ino
1693 3093 1881 3156 antiquo
1902 3094 2099 3157 sapiente
2136 3092 2333 3140 hilaritas
2368 3092 2550 3154 quidem
2574 3090 2740 3153 epula-

392 3154 653 3205 Scholiasta
676 3169 880 3205 tenuere.
1587 3174 1709 3217 rum,
1727 3159 1802 3205 sed
1825 3159 1937 3205 nibil
1959 3172 2174 3221 praeterea
2196 3169 2460 3204 annotatum
2485 3156 2559 3202 sit.
2592 3157 2656 3202 G.

1657 3237 1717 3272 12
1754 3224 1907 3271 Virtus
1936 3225 2128 3281 Catonis,
2159 3226 2248 3288 ipse
2273 3223 2394 3270 cato.
2449 3219 2740 3267 Vct-Schol.

1591 3301 1644 3337 ut
1665 3305 1796 3352 supra
1822 3290 1956 3337 Nitor
1983 3288 2141 3336 Hebri.
2194 3289 2248 3336 B.
2335 3288 2512 3348 Nempe
2537 3286 2630 3348 ipse
2653 3285 2734 3332 ine

1590 3355 1715 3416 vigor
1746 3355 1904 3411 animi,
1946 3353 2021 3400 ille
2045 3355 2176 3400 ardor
2197 3353 2369 3413 agendi,
2405 3352 2526 3415 quod
2549 3363 2742 3411 oporte-

1591 3420 1684 3476 bat,
1720 3419 1824 3466 vino
1840 3435 1928 3466 non
1953 3433 2183 3480 nunquam
2208 3430 2367 3465 auctus
2387 3429 2471 3464 est.
2540 3415 2744 3463 Caluisse

1591 3484 1665 3531 hic
1700 3484 2017 3543 significantius
2050 3483 2161 3529 mihi
2196 3484 2388 3538 videtur,
2436 3494 2482 3527 et
2520 3491 2738 3528 tenorem

1591 3552 1814 3611 quendam
1833 3549 1991 3597 caloris
2007 3560 2178 3596 notare.
2247 3550 2308 3594 G.

1656 3627 1715 3673 13
1754 3615 1781 3658 I
1794 3632 1866 3660 ene
1906 3624 2158 3661 tomentum
2178 3634 2195 3667 ,-
2251 3613 2495 3660 Blanditur
2531 3611 2744 3666 ebrietas,

1589 3688 1632 3726 et
1677 3689 1897 3742 extorquet
1960 3681 2206 3743 plerumque
2246 3681 2382 3724 animi
2435 3681 2745 3740 gravitatem.

1590 3746 1703 3791 Vct.
1725 3744 1878 3791 Schol.
1910 3745 2027 3791 Haec
2057 3745 2111 3790 ad
2150 3743 2399 3791 Messalam
2437 3743 2564 3788 dicit.
2649 3743 2745 3800 Οξ-

461 3233 490 3269 2
513 3221 678 3269 Varios
709 3223 802 3269 vini
841 3223 1028 3272 effectus
1062 3240 1148 3288 pro
1185 3223 1524 3272 convivantium

390 3286 583 3347 ingeniis
604 3287 746 3348 lepide
774 3289 1012 3350 percurrit.

434 3401 439 3409 ,
458 3365 491 3408 4
512 3351 604 3398 Pia
625 3362 756 3409 testa,
776 3353 1150 3417 Metonymicus,
1165 3356 1286 3416 quod
1308 3353 1405 3416 pios
1427 3355 1526 3401 red-

390 3417 483 3464 dat.
518 3417 573 3464 B.
630 3416 759 3482 Qin
799 3430 1020 3479 quatenus
1050 3433 1259 3466 somnum
1299 3419 1528 3473 conciliat,

390 3493 444 3530 ut
468 3483 580 3528 bene
605 3482 762 3529 Bentl.
787 3483 850 3528 G.

462 3559 486 3607 7
523 3547 703 3594 Notum
726 3558 793 3594 est
822 3559 996 3595 veteres
1026 3546 1128 3594 vina
1165 3564 1243 3596 sua
1284 3547 1527 3611 reposuisse

390 3611 438 3658 in
474 3612 707 3672 superiore
744 3612 1069 3673 granariorum‚
1091 3613 1161 3658 νο]
1184 3615 1318 3660 etiam
1355 3615 1523 3660 aedium

389 3691 591 3732 suarum,
626 3690 767 3738 parte,
797 3679 880 3727 sub
917 3678 1020 3739 ipsis
1058 3677 1248 3737 tegulis5
1286 3695 1421 3740 quem
1454 3678 1526 3725 lo·

390 3757 494 3788 tum
518 3742 628 3788 Vct.
645 3743 796 3789 Schol.
826 3744 885 3805 (si
909 3743 1191 3803 incorruptus
1213 3744 1401 3801 mansit)
1439 3744 1526 3789 Ve-

395 3819 589 3854 mamm
645 3807 773 3854 dixit.
840 3809 1028 3854 Ascende
1080 3809 1388 3866 Elocutiossess,
1430 3808 1528 3855 De-

388 3874 531 3919 scende
547 3884 757 3935 pro-rere.
788 3875 900 3920 Vct.
921 3872 1075 3920 Schol.
1400 3893 1408 3900 ·

457 3934 487 3983 8
509 3938 826 4047 ¹laattgm'ds'om
842 3955 865 3998 ‚·
933 3940 1162 3987 Vetustate
1188 3939 1337 3985 lenita.
1416 3938 1529 3985 Vet.

386 4001 507 4050 Scho
528 4031 540 4043 -

458 4079 490 4129 9
526 4066 692 4114 Madet
712 4088 729 4120 ,-
765 4067 919 4115 Fluens
944 4080 1025 4125 ese,
1063 4069 1175 4115 Vct.
1197 4067 1348 4115 Schol.
1415 4068 1526 4114 Per-

376 4134 529 4196 fusus.
615 4129 943 4180 Mancinellus.
1029 4133 1318 4180 Extrinsecus
1364 4133 1531 4180 madidi

392 4212 568 4253 sumus,
581 4195 701 4242 uvidi
726 4196 1013 4254 intrimecus,
1031 4209 1083 4244 ut
1100 4213 1230 4259 supra
1254 4198 1529 4245 monuimus.

463 4274 526 4309 ῐυ
564 4260 797 4320 Horridus,
852 4267 1078 4319 censorius,
1141 4281 1333 4310 severus.
1418 4265 1532 4310 Vct.

393 4326 547 4375 Schol.
622 4325 857 4374 Intonsum
903 4329 1127 4375 Catonem
1172 4327 1220 4374 in
1254 4328 1406 4375 animo
1450 4327 1533 4375 ha-

386 4394 537 4441 bebat.

460 4471 517 4509 11
554 4455 740 4516 Prim‘3
816 4458 1109 4521 Antiquam,
1172 4475 1271 4505 'mn'
1303 4458 1535 4507 Uticensis.

1596 3808 2039 3939 ὀμῗῖνζῖαρίεηιὶηηι,
2086 3872 2134 3920 h.
2187 3888 2228 3919 e.
2282 3870 2747 3936 Philosophantitim‚

1592 3939 1736 4002 qualis
1755 3951 1850 3985 erat
1875 3940 2114 3987 Corvinus.

1657 4017 1714 4062 15
1751 4005 1975 4051 Arcanum
2038 4005 2273 4058 consitium,
2366 4001 2476 4049 dicit
2545 3999 2740 4062 aliquod

1589 4070 1864 4131 praecipuum
1904 4070 2066 4129 dogma
2103 4071 2222 4131 quod
2246 4067 2354 4115 alias
2391 4065 2586 4115 studiose
2609 4065 2744 4113 cela·

1597 4134 1723 4245 buit&
1760 4200 1876 4246 Bene
1897 4201 2052 4262 retegis
2071 4197 2222 4261 posuit
2261 4199 2317 4245 ad
2357 4199 2561 4260 Etymon
2581 4196 2750 4259 Lyaes‘,

1596 4265 1718 4342 quod
1762 4281 1786 4310 a
1832 4262 1949 4312 Λύσιν
1988 4264 2159 4311 solvere
2187 4280 2203 4313 t
2273 4266 2438 4329 Aperit
2474 4261 2745 4326 praecordia

1595 4329 1746 4441 [ableg.
1761 4396 1900 4441 Adde‘s
1939 4410 2125 4450 commu
2168 4395 2262 4442 Per
2285 4411 2440 4442 cornua
2477 4393 2744 4439 violentias-

1596 4470 1639 4506 εἰ
1672 4471 1756 4523 per
1791 4461 1866 4507 boc
1901 4463 2175 4509 violationem
2213 4460 2377 4508 cerebra·
2409 4459 2594 4522 intelligi
2613 4459 2750 4505 vult.

2489 4643 2516 4667 Ι
