3000 4979
442 315 506 385 ς
968 290 1041 376 J.
1090 290 1189 357 M.
1238 289 1656 360 GESNEm
1705 290 2240 367 PRAEFATIO.

442 484 761 588 grassari
794 482 875 557 in
908 480 1158 573 libros,
1211 494 1295 557 ut
1326 481 1405 556 in
1441 481 1971 582 discipulorum
2023 506 2249 583 pensa
2282 483 2471 561 solet
2498 510 2754 561 emen.

451 610 696 687 datrix
722 631 981 682 manus
1007 606 1480 704 praeceptoris
1504 632 1545 714 τ’
1567 606 1698 679 sed
1725 606 1860 679 nisi
1887 607 1992 680 ita
2020 608 2285 698 mollis,
2306 609 2410 683 ita
2439 609 2746 709 liquida,

434 712 552 813 ita
604 732 824 821 clara,
872 732 978 805 ita
1033 730 1253 804 unica
1308 730 1403 803 sit
1456 729 1908 821 emendatio,
1959 729 2178 829 plane
2234 733 2345 805 uti
2405 731 2744 811 dubitare

432 857 726 937 homini
781 879 1028 931 rerum
1085 854 1325 953 perito
1384 878 1534 927 non
1593 854 1844 944 liceat,
1895 855 2277 939 modestiae
2328 867 2597 930 nostrae
2669 869 2747 932 et

439 984 797 1063 bonorum
831 978 1182 1055 librorum
1231 978 1645 1081 integritati
1691 979 1938 1077 potius
1972 979 2078 1053 ita
2112 978 2607 1070 consulamUS,
2659 992 2747 1055 ut

426 1108 517 1189 ,in
553 1102 912 1202 margine,
962 1100 1141 1200 quid
1175 1101 1387 1174 nobis
1420 1100 1787 1193 videatur,
1835 1102 2274 1177 indicemuS.

320 1317 333 1321 -
537 1227 716 1303 Dici
750 1250 902 1301 non
935 1236 1208 1325 potest,
1242 1249 1460 1324 quam
1483 1224 1702 1300 facile
1731 1226 1828 1299 sit
1852 1225 1973 1300 hic
2000 1225 2179 1316 falli,
2211 1226 2389 1317 labi,
2414 1250 2743 1300 corrum-

426 1375 609 1454 pere
660 1348 861 1449 quod
907 1348 1306 1427 emendare
1357 1350 1559 1424 velis·
1686 1350 1879 1425 Cum
1932 1349 2389 1425 concedatur
2439 1350 2741 1424 senibus

424 1492 902 1579 memmam‘tv,
969 1471 1217 1546 dicam
1270 1471 1449 1570 quid
1500 1472 1682 1546 mihi
1733 1498 1873 1547 usu
1929 1473 2243 1549 venerit.
2347 1472 2585 1552 Fuere
2637 1477 2736 1552 ab

423 1597 925 1675 adolescentia
971 1594 1148 1669 inde
1203 1620 1369 1670 mea
1418 1597 1667 1687 amici,
1718 1596 1988 1671 eruditi
2041 1621 2215 1673 sane
2265 1597 2602 1674 homines
2655 1610 2736 1673 et

418 1720 818 1821 ingeniosi,
891 1717 1017 1818 qui
1078 1718 1390 1794 subinde
1446 1732 1881 1796 accusarent
1940 1746 2180 1796 meam
2239 1723 2320 1794 in
2376 1723 2731 1796 emenda-

418 1845 746 1933 tionibus
804 1840 921 1916 vel
987 1840 1243 1914 alienis
1300 1841 1416 1914 vel
1477 1844 1661 1917 meis
1725 1843 2203 1923 admittendis
2269 1844 2723 1920 tarditatem.

422 1967 573 2042 Sed
622 1966 856 2039 fateor
914 1963 1261 2059 ingenue,
1315 1961 1703 2060 aliquoties
1762 1976 2010 2036 tamen
2073 1988 2243 2037 cum
2305 1967 2509 2039 omni
2566 1968 2725 2059 illa,

418 2112 643 2189 quam
677 2112 820 2187 ego
854 2085 1273 2163 cautionem
1327 2085 1815 2185 appellabam,
1863 2086 2002 2186 ipsi
2040 2089 2541 2184 timiditatem,
2595 2095 2727 2168 ali-

414 2213 708 2313 quoties
757 2209 939 2285 mihi
993 2234 1133 2282 usu
1169 2210 1479 2302 venisse,
1532 2221 1620 2285 ut
1659 2223 1882 2307 aucto
1935 2213 2222 2287 scilicet
2272 2238 2515 2289 rerum
2551 2242 2717 2292 ver-

408 2338 822 2433 borumque
856 2356 1022 2422 usu,
1074 2332 1563 2409 retractandae
1615 2345 1860 2411 essent
1910 2335 2488 2433 emendationeS,
2543 2366 2716 2440 quae

408 2458 624 2547 valde
657 2456 840 2542 mihi
870 2456 1324 2557 placuerant.

510 2583 686 2674 Quo
745 2582 988 2655 minus
1041 2580 1358 2680 poenitet
1405 2581 1482 2654 in
1522 2580 1840 2657 Horatio
1891 2608 2187 2658 causam
2238 2596 2709 2685 receptarum

404 2705 813 2783 lectionum
865 2705 1268 2803 suscepisse
1304 2728 1453 2778 non
1488 2728 1871 2804 nunquam
1922 2721 2184 2783 contra
2233 2710 2471 2808 ipsum
2515 2711 2712 2788 Ben-

400 2830 688 2920 tleium,
738 2829 981 2904 ‘etiam
1044 2827 1170 2901 ubi
1228 2827 1593 2918 irascitur,
1664 2833 1788 2927 (ut
1847 2829 1943 2904 ad
2004 2830 2174 2905 Art.
2233 2831 2441 2908 Poet.
2484 2838 2706 2935 441.)

398 2956 599 3056 quod
656 2953 897 3030 solent
950 2977 1099 3028 non
1155 2977 1534 3052 nunquam
1568 2952 1704 3027 viri
1741 2954 1974 3046 docti,
2024 2981 2198 3032 cum
2248 2972 2516 3057 putant
2562 2962 2704 3040 ini-

394 3102 625 3179 quum
660 3102 816 3154 esse
849 3076 1158 3152 librariis
1210 3077 1716 3151 semibarbaris
1752 3079 1914 3175 plus
1948 3079 2120 3155 fidei
2171 3081 2423 3157 haberi
2472 3109 2700 3183 quam

391 3226 546 3280 suae
595 3202 890 3293 rationi,
939 3201 1084 3276 hoc
1118 3212 1231 3277 est
1261 3214 1535 3278 rectae:
1602 3202 1804 3300 quasi
1858 3202 2208 3279 vicissent
2255 3230 2432 3280 vero
2484 3232 2694 3285 suam

384 3328 751 3401 rationem
783 3325 907 3398 hic
942 3348 1099 3399 esse
1131 3334 1435 3399 rectam.
1510 3322 1789 3399 Contra
1821 3324 2015 3400 hanc
2051 3327 2476 3404 criticorum
2511 3356 2696 3429 quo-

288 3541 293 3546 ,
382 3448 722 3524 rumdam
782 3446 1321 3521 vehementiam
1378 3460 1745 3521 armatum
1805 3461 2069 3548 pectus
2134 3450 2406 3529 habere
2462 3452 2694 3534 debet

383 3572 683 3646 Horatii
718 3569 1120 3670 praesertim
1157 3567 1426 3658 editor,
1453 3581 1530 3642 et
1556 3569 1774 3644 malle
1811 3595 1981 3648 cum
2017 3571 2427 3652 Philoxeno
2460 3576 2568 3651 ire
2602 3580 2687 3656 in

377 3695 839 3785 LautumiaS,
889 3717 1107 3792 quam
1158 3691 1458 3768 laudare
1506 3716 1658 3766 non
1703 3694 1960 3787 bonaS,
2011 3695 2520 3796 cujuscunque
2557 3700 2686 3780 de.

375 3842 580 3898 mum
642 3817 816 3907 sint,
886 3840 1103 3915 quam
1173 3817 1503 3914 recipere
1562 3818 1908 3916 pulchlas
1968 3821 2469 3919 quantumvis,
2544 3827 2686 3901 sed

373 3942 618 4018 minus
650 3941 1121 4030 necessariaS,
1172 3940 1749 4016 emendationes.
2749 3921 2760 3931 ’

374 4148 380 4158 ,
477 4063 628 4151 Qui
663 4062 806 4137 hoc
834 4075 1106 4161 potest,
1133 4061 1254 4136 ille
1283 4062 1516 4137 multo
1547 4065 1785 4144 minus
1822 4065 2237 4142 movebitur
2264 4013 2414 4143 ab
2392 4068 2510 4160 ria,
2545 4072 2673 4172 qui

374 4183 493 4266 vel
519 4185 845 4262 omnium
862 4186 1222 4264 bonarum
1239 4211 1481 4267 rerum
1504 4188 1760 4284 rudeS,
1763 4188 1879 4270 vel
1901 4203 2101 4273 certe
2116 4191 2490 4271 suavitatis
2500 4218 2688 4300 poe..
