3000 4979
859 345 1565 426 EPISTOLARUM
1621 349 1780 416 Lm.
1830 350 1886 416 1.
1937 359 1997 423 7.

504 525 940 610 officiosaque
967 523 1289 604 sedulitas,
1322 536 1390 591 et
1419 523 1630 609 opella
1659 522 1932 590 forensis

506 635 799 702 Adducit
826 634 1059 712 febres»,
1094 647 1160 700 et
1190 649 1572 701 testamenta
1603 636 1905 722 resignat.

339 759 422 815 10

509 746 710 824 Quod
743 746 796 810 si
830 746 1060 809 bruma
1091 744 1265 809 nives
1298 745 1574 810 Albanis
1607 746 1815 811 illinet
1844 748 2038 835 agris,

506 858 616 922 Ad
646 879 826 920 mare
854 856 1199 922 descendet
1231 869 1403 921 vates
1434 867 1604 934 tuus,
1639 869 1703 922 et
1733 857 1854 921 sibi
1886 873 2126 944 parcet,

504 967 1021 1054 Contractusque
1049 967 1258 1055 leget3
1309 980 1392 1045 te,
1426 967 1632 1033 dulcis
1662 969 1886 1046 amice,
1920 971 2148 1036 reviset

505 1079 673 1144 Cum
710 1079 1045 1166 Zephyris,
1079 1081 1132 1144 si
1164 1080 1498 1158 concedes,
1537 1092 1601 1145 et
1631 1079 1981 1143 hirundine
2008 1082 2239 1165 prima.

501 1190 675 1268 Non,
711 1212 841 1277 quo
870 1213 1050 1256 more
1080 1192 1257 1278 pyris
1289 1191 1460 1256 vesci
1493 1191 1770 1256 Calaber
1805 1192 1992 1276 jubet
2024 1192 2273 1278 hospeS,

336 1313 412 1370 15
504 1303 611 1368 Tu
645 1326 748 1368 me
777 1304 983 1370 fecisti
1015 1304 1424 1390 locupletem.

501 1425 548 1495 51
580 1419 724 1484 Jam
759 1420 909 1483 satis
940 1432 1052 1484 est.

1143 1425 1189 1494 51
1226 1420 1315 1483 At
1347 1433 1413 1485 tu
1449 1419 1860 1507 quantumvis
1891 1418 2057 1485 tolle.

1518 1311 1563 1380 51
1599 1306 1874 1370 Vescere
1905 1306 2111 1372 sodes.

2153 1425 2198 1496 51
2235 1420 2541 1508 Benigne.

493 1535 540 1605 5
576 1530 725 1594 Non
759 1532 962 1595 invisa
993 1531 1152 1596 feres
1181 1534 1399 1618 pueris
1430 1532 1812 1597 munuscula
1840 1533 2075 1617 pervia.

491 1647 538 1717 51
572 1641 740 1706 Tam
773 1656 997 1707 teneor
1028 1644 1203 1708 dono
1235 1666 1426 1730 quam
1460 1646 1512 1708 si
1543 1644 1832 1708 dimittar
1862 1655 2148 1708 onustus,

492 1757 539 1827 51
577 1752 671 1818 Ut
703 1753 894 1818 libet:
943 1753 1087 1819 haec
1119 1756 1331 1840 porcis
1363 1755 1558 1819 hodie
1588 1754 1984 1819 comedenda
2014 1755 2339 1840 relinquiS.

316 1872 405 1927 20

492 1869 537 1938 51
576 1864 897 1954 Prodigus
929 1880 993 1931 et
1024 1867 1256 1932 stultus
1288 1867 1488 1931 donat
1519 1889 1666 1953 quse
1696 1866 1941 1950 spernit
1970 1876 2035 1929 et
2063 1865 2219 1929 odit.

492 1973 665 2039 Haec
698 1998 875 2062 seges
908 1977 1194 2066 ingratos
1229 1979 1395 2056 tulit,
1430 1991 1493 2043 et
1524 1977 1686 2043 feret
1714 1976 2014 2041 omnibus
2044 1975 2248 2041 annis.

492 2088 611 2151 Vir
644 2090 849 2153 bonus
877 2105 941 2155 et
972 2094 1225 2177 sapiens
1257 2092 1470 2180 dignis
1505 2093 1593 2156 ait
1626 2114 1762 2156 esse
1794 2102 2089 2176 paratus3

489 2198 629 2264 Nec
659 2214 869 2264 tamen
905 2204 1156 2290 ignorat
1189 2203 1344 2290 quid
1376 2203 1617 2268 distent
1645 2224 1777 2266 aera
1807 2201 2068 2286 lupinis.

600 2433 662 2483 19
696 2422 910 2486 relinquis
935 2425 1053 2472 Zar-
1079 2424 1190 2472 Can.
1211 2425 1434 2489 relinques
1455 2426 1516 2472 al.

282 2586 312 2635 8
352 2588 623 2653 offic-iamque
655 2588 891 2646 sedulium·
927 2590 974 2637 in
1021 2594 1245 2640 matutina
1281 2608 1352 2639 sa-

1647 2437 1708 2474 22
1738 2436 1942 2488 paratum
1964 2425 2053 2470 edd.
2071 2431 2188 2469 vett.

1418 2592 1530 2639 milii
1555 2608 1644 2639 non
1669 2593 1820 2639 minus
1842 2590 2036 2653 placere,
2054 2605 2191 2654 quam
2210 2589 2244 2636 si
2264 2588 2342 2635 illo
2365 2601 2556 2636 onustus

204 2654 436 2701 lutatioue
475 2667 521 2701 et
559 2656 605 2701 in
645 2655 913 2702 deductione
954 2659 1008 2703 ad
1049 2660 1246 2716 Furum3
1300 2671 1352 2705 ut
1416 2658 1604 2705 domum
1628 2659 1812 2705 abirem.
1852 2660 1914 2704 Z.

203 2720 387 2781 primus
406 2720 578 2767 scilicet
597 2718 802 2766 omnium
825 2735 1096 2782 compareat.

283 2782 434 2848 opella
475 2784 688 2851 fhremt‘s,
732 2800 818 2847 qua
869 2786 1069 2835 defendit
1102 2788 1350 2835 amicorum

203 2863 382 2897 causas.

275 2927 307 2975 9
338 2915 552 2979 Resignat
568 2937 585 2969 ,·
646 2915 853 2962 detractis
900 2915 1037 2977 signis
1083 2918 1241 2979 aperit.
1294 2917 1348 2963 B.

199 2978 612 3027 Testamentorum
679 2981 918 3040 resignatio
982 2982 1208 3043 eleganter
1264 2997 1348 3044 pro

201 3056 370 3091 morte.
404 3045 467 3093 Z.

278 3122 337 3155 10
367 3112 573 3167 Albanfs,
613 3111 811 3158 Latinis.
863 3112 975 3159 Ver.
1011 3111 1161 3159 Schol.
1202 3112 1345 3174 Cruq.

201 3170 333 3221 Nam
358 3176 473 3222 Alba
496 3176 605 3222 olim
632 3177 756 3222 Latii
780 3191 930 3238 caput.

280 3252 334 3287 11
372 3242 451 3288 Ad
488 3258 606 3287 aare
622 3263 639 3295 ‚-
691 3245 802 3306 quod
826 3253 910 3306 per
951 3243 1124 3288 hiemem
1166 3246 1343 3289 calorem

192 3315 408 3369 prestat,
426 3316 467 3353 et
488 3320 646 3353 aertate
664 3308 844 3372 frigus..
891 3309 1002 3353 Vet.
1024 3308 1177 3355 Schol.
1199 3310 1343 3371 Cruq.

199 3372 263 3417 Β.
298 3372 408 3419 vid.
429 3373 481 3418 ad
505 3374 650 3433 Epist.
676 3387 719 3419 1.
743 3387 819 3431 15.
842 3371 917 3419 18.
951 3376 1015 3418 G.

272 3432 361 3483 Sabi
391 3446 574 3500 parca,-
629 3437 712 3483 sibi
763 3438 1011 3498 indulgebit
1061 3439 1261 3486 cavendo
1318 3456 1343 3486 a

189 3502 382 3561 frigore.

270 3579 333 3616 12
371 3568 653 3622 Ceut-actm,-
685 3568 987 3680 praeHfr-igore.
1035 3570 1147 3617 Vct.
1186 3569 1339 3616 Schol.

192 3633 348 3694 Cruq.
380 3633 621 3694 Rigidulus
642 3646 738 3679 erat
818 3635 999 3681 oratius.
1022 3636 1077 3681 B.
1126 3636 1336 3682 Contrac-

189 3708 265 3745 tus
292 3698 339 3744 in
363 3713 553 3760 parvum
576 3698 864 3756 cubiculum;
902 3702 1025 3761 quod
1047 3701 1175 3747 facile
1199 3717 1335 3763 vapo-

190 3775 343 3820 retur,
374 3763 528 3827 jscens
562 3765 607 3811 in
640 3764 829 3821 lectulo,
858 3764 1091 3813 involutus
1126 3768 1338 3812 vestibus.

265 3906 326 3949 14
365 3894 572 3953 Calaber,
593 3895 771 3960 Apulus
785 3896 857 3942 vel
879 3895 1056 3953 Tuscus,
1075 3911 1158 3958 pro
1174 3897 1333 3958 quovis

186 3959 368 4007 rustico
400 3959 488 4006 dici
522 3960 714 4008 solebat:
753 3962 891 4008 modo
922 3973 1074 4008 autem
1098 3962 1333 4025 populares

185 4038 300 4072 suos
331 4024 530 4072 suaviter
561 4026 747 4074 deridet.
780 4027 836 4073 B.
902 4027 1068 4073 Sensus
1097 4039 1193 4074 est:
1251 4027 1333 4074 Tu

181 4089 303 4137 mihi
330 4106 420 4137 non
448 4106 636 4138 munera
658 4108 708 4139 ea
749 4092 925 4148 dedisti,
950 4107 1052 4154 quae
1093 4093 1183 4153 ipse
1211 4107 1335 4154 sper-

184 4171 341 4212 neres,
360 4156 434 4203 sed
461 4171 621 4217 magna
638 4170 685 4204 et
702 4158 850 4218 magni
875 4173 900 4204 a
918 4172 990 4203 me
1011 4156 1213 4204 facienda
1237 4172 1335 4204 me-

181 4220 297 4268 rito.
333 4222 397 4267 Z.

260 4285 320 4335 16
355 4287 581 4353 Benigne:
617 4290 795 4336 humane
812 4289 958 4352 sacis,
988 4296 1032 4334 et
1045 4289 1215 4353 gratias
1237 4305 1334 4352 ago.

183 4351 304 4399 Vet.
329 4351 482 4399 Schol.
503 4354 643 4416 Cruq.

257 4415 319 4465 18
350 4420 520 4466 Sensus
534 4431 629 4465 est=
667 4434 758 4466 nun
775 4433 956 4479 possum
980 4433 1158 4466 meeum
1181 4418 1330 4477 ferre3

179 4484 261 4530 sed
300 4484 529 4531 existimes
569 4483 724 4541 velim,
767 4485 960 4543 donum,
1002 4486 1123 4546 quod
1181 4483 1332 4542 offers,

1484 2735 1545 2783 19
1585 2723 1701 2769 Haec
1718 2736 1762 2771 et
1781 2725 1897 2770 hodie
1913 2718 2431 2768 commendandihabent
2443 2720 2557 2765 Em-

1416 2787 1594 2848 phasin,
1614 2801 1659 2836 et
1686 2789 1874 2835 Comice
1897 2788 2205 2850 proferuntur.
2227 2786 2278 2831 B.
2337 2784 2408 2830 Fit
2432 2785 2552 2831 aetio

1412 2852 1488 2899 ina
1515 2854 1722 2910 vividior,
1748 2854 1783 2900 si
1806 2854 2008 2912 legamus
2030 2853 2235 2913 relinquis
2253 2867 2272 2896 .-
2309 2850 2451 2908 magis
2475 2865 2554 2895 ur-

1410 2930 1487 2977 get
1509 2918 1655 2964 bonus
1678 2917 1867 2966 Calaber
1888 2918 2110 2977 hospitem
2133 2916 2281 2963 suum.
2318 2916 2379 2960 G.

1477 2994 1543 3029 20
1574 2983 1764 3038 Stultus,
1781 2984 1922 3039 rudis,
1941 2981 2140 3041 agrestis,
2162 2979 2414 3042 imperitus.

1480 3048 1603 3102 Odit,
1628 3048 1817 3103 fastidit,
1837 3058 2034 3094 nauseat.

1475 3124 1535 3159 αι
1577 3113 1694 3159 Haee
1714 3131 1827 3177 seges
1842 3137 1858 3169 ,·
1893 3113 1968 3160 hic
1989 3126 2110 3171 ager,
2129 3109 2217 3156 hoe
2240 3124 2379 3169 genus
2396 3108 2549 3158 homi·

1408 3193 1537 3225 num.

1472 3244 1677 3307 Ingratos
1689 3267 1706 3299 ;
1719 3245 1816 3306 ’que'
1845 3244 2045 3306 gratiam
2076 3258 2157 3287 non
2190 3253 2350 3303 queunt
2380 3242 2548 3289 mereri·

1408 3309 1521 3355 Ver.
1543 3308 1695 3355 Schol.
1716 3310 1860 3370 Cruq.

1478 3374 1678 3420 Omnibus
1700 3376 1857 3421 annis:
1894 3372 1942 3419 in
1965 3387 2100 3419 omne
2117 3387 2295 3419 aevum:
2331 3372 2441 3418 dum
2465 3368 2545 3421 Sol

1407 3451 1453 3486 et
1474 3440 1612 3487 Luna
1634 3451 1756 3486 sunt.

1473 3517 1537 3553 22
1570 3507 1661 3551 Ait
1675 3524 1692 3551 .-
1728 3505 1773 3551 h.
1792 3520 1835 3550 e.
1854 3504 2048 3551 libenter
2069 3504 2151 3560 ait,
2173 3518 2256 3549 nee
2278 3501 2445 3549 renuit.
2521 3508 2526 3511 ’

1472 3570 1690 3632 Quinque
1715 3570 1909 3633 Cruquii
1933 3570 2126 3616 Codices
2147 3584 2229 3630 pro
2244 3579 2460 3631 paratum
2476 3565 2546 3613 le·

1399 3648 1564 3695 gerunt
1582 3645 1787 3699 paratus,
1816 3651 1952 3697 quam
1992 3635 2234 3682 lectionem
2279 3633 2541 3680 Gulielmus

1401 3701 1626 3748 Canterus
1647 3702 1818 3763 primus
1851 3716 1905 3746 ex
1945 3699 2162 3762 Sosipatri
2185 3698 2381 3745 Charisii
2404 3699 2539 3747 Insti-

1401 3766 1654 3813 tutionibus
1674 3766 1874 3812 eruebat.

1468 3843 1530 3890 23
1568 3830 1748 3877 Parvuli
1786 3831 1873 3878 hoc
1912 3830 2140 3890 ignorant,
2192 3828 2357 3892 quibus
2392 3828 2540 3890 lupini

1397 3908 1504 3942 sunt
1528 3911 1610 3957 pro
1633 3897 1846 3943 nummis.
1927 3896 2216 3942 Aleatoribus
2237 3895 2281 3941 hi
2305 3906 2437 3941 eram
2457 3910 2540 3956 pro

1398 3961 1599 4018 calculis,
1618 3959 1716 4025 [vid
1743 3963 1777 4008 1.
1802 3974 1845 4008 1.
1868 3961 1988 4007 eod.
2006 3963 2061 4008 de
2085 3957 2396 4020 Aleatoribus]
2417 3962 2537 4007 unde

1398 4036 1558 4072 natum
1585 4026 1895 4073 Proverbium.
1928 4027 2143 4074 Ostendit
2159 4026 2296 4072 etiarn
2315 4025 2534 4072 Muretus

1399 4105 1454 4137 ex
1499 4092 1649 4138 Plauti
1695 4091 1885 4141 Poenulo
1928 4089 1999 4155 [3.
2031 4104 2076 4141 2.
2109 4088 2211 4152 20.]
2273 4090 2357 4137 hos
2397 4089 2538 4138 fuisse

1400 4175 1554 4203 aurum
1582 4157 1810 4211 comicum,
1830 4160 2047 4219 prodente
2083 4155 2309 4203 Turnebo
2349 4154 2397 4200 in
2435 4156 2544 4202 Ad-

1400 4222 1619 4268 versariis.
1653 4223 1706 4269 B.
1786 4224 1952 4269 Sensus
1983 4232 2083 4269 esti
2135 4222 2198 4268 Et
2219 4221 2358 4283 probe
2380 4232 2536 4268 tamen

1398 4288 1504 4344 scit,
1524 4287 1631 4349 quid
1654 4288 1821 4335 distent
1842 4288 1969 4350 probi
1991 4288 2169 4335 nummi
2193 4303 2217 4334 a
2238 4285 2358 4333 falsis
2380 4309 2393 4339 ς
2426 4287 2538 4334 adeo

1399 4365 1451 4400 ut
1472 4353 1618 4417 digni)
1639 4353 1896 4400 hominibus
1918 4355 1994 4399 det
2010 4368 2222 4401 nummos
2259 4367 2409 4410 veros,
2428 4351 2475 4400 h.
2495 4367 2537 4400 e.

1395 4433 1587 4467 munera
1608 4418 1988 4483 praestantissirna.
2023 4419 2087 4466 Z.
