3000 4979
476 316 609 381 336

1170 309 1260 386 Q.
1309 308 1721 378 HORATII
1771 308 2114 378 FLACCI

740 486 915 553 Ante
942 494 1319 571 potestatem
1353 482 1533 549 Tulli
1565 496 1757 572 atque
1791 487 2074 574 ignobile
2103 510 2394 577 regnum,

573 607 653 663 10

742 595 993 661 Multos
1019 616 1188 679 saepe
1217 597 1388 658 viros
1414 594 1609 659 nullis
1637 597 1982 681 majoribus
2013 612 2189 663 ortos

740 705 830 771 Et
857 703 1088 768 vixisse
1114 706 1374 789 probo&
1420 706 1650 791 amplis
1679 717 1744 771 et
1770 706 2128 773 honoribus
2159 722 2418 773 auctost

742 815 1006 892 Contra,
1056 806 1412 893 Laevinum,
1461 815 1681 880 Valeri
1710 839 1932 903 genus,
1980 818 2153 882 unde
2186 819 2514 902 Superbus

740 925 1132 1012 Tarquinius
1161 947 1362 1013 regno
1391 925 1614 1011 pulsus
1641 924 1783 1003 fuit,
1838 929 2026 991 unius
2057 929 2210 991 assis

737 1035 892 1100 Non
924 1057 1205 1122 unquam
1234 1036 1442 1121 pretio
1471 1036 1677 1122 pluris
1704 1036 1975 1115 licuisse,
2024 1051 2286 1101 notante

568 1156 648 1214 15
733 1144 778 1212 J
781 1145 983 1225 udice,
1030 1169 1160 1233 quo
1188 1147 1375 1223 nosti,
1423 1146 1700 1232 popu103
1746 1149 1857 1235 qui
1887 1147 2115 1213 stultus
2144 1147 2423 1210 honores

738 1257 927 1342 Saepe
957 1254 1068 1320 dat
1095 1255 1396 1343 indignis,
1444 1269 1510 1322 et
1537 1257 1727 1322 famae
1757 1258 1952 1321 servit
1983 1259 2277 1341 ineptus;

737 1365 871 1443 Qui
904 1379 1117 1452 stupet
1150 1367 1215 1430 in
1247 1367 1448 1431 titulis
1478 1380 1542 1432 et
1571 1368 1973 1455 imaginibus·

2068 1366 2245 1443 Quid
2281 1373 2534 1450 oportet

729 1476 871 1541 Nos
902 1475 1131 1555 facere,
1178 1500 1217 1542 a
1247 1476 1440 1565 vulgo
1468 1477 1664 1564 longe
1695 1477 2012 1564 longeque
2040 1474 2365 1540 remotos?

734 1585 1034 1675 Namque
1065 1600 1222 1667 estc,
1268 1586 1545 1674 populus
1580 1587 1847 1652 Laevino
1877 1586 2095 1652 mallet
2133 1587 2446 1651 honorem

676 1740 784 1800 fuit,
814 1739 933 1801 sugit
957 1742 1110 1790 Bentl.
1126 1759 1183 1789 ex
1206 1739 1366 1789 MSS.
1389 1744 1442 1788 εἰ.
1465 1741 1597 1789 Han.

475 1755 537 1805 η
587 1840 601 1854 .
633 1807 766 1855 Med.
799 1818 943 1868 1479.
971 1822 1106 1868 quem
1141 1810 1237 1854 inde
1267 1807 1328 1854 ab
1360 1807 1495 1854 Aldu.

1696 1752 1754 1799 15
1789 1755 1881 1803 quo
1902 1759 1957 1787 ese
1978 1738 2125 1786 MSS.
2153 1740 2293 1787 Benel.
2323 1747 2365 1785 et
2394 1739 2458 1785 sic
2492 1734 2561 1782 H.
2596 1737 2658 1783 G.
2688 1734 2787 1783 Sex.

1625 1803 1685 1854 18
1718 1805 1825 1853 Nos
1852 1824 1984 1853 mes
2011 1817 2188 1869 preter
2217 1806 2370 1853 Bentl-
2399 1803 2512 1851 Non
2542 1802 2621 1849 ΕΙ.
2652 1800 2785 1858 1482.

532 1872 666 1932 longe
686 1872 909 1934 longeque
928 1875 1059 1920 aias·
1084 1873 1144 1919 G.
1164 1872 1297 1931 longe
1318 1871 1496 1933 lateque
1522 1872 1583 1918 Ζ.
1604 1880 1683 1918 etc.

467 2000 553 2050 bus
576 2016 668 2049 non
690 2001 764 2048 sit.
827 1999 911 2047 Est
931 2012 1083 2048 autem
1106 2004 1309 2064 ingenuus
1337 1999 1598 2062 simpliciter

469 2068 614 2115 bonus
634 2081 649 2124 ς
679 2077 835 2113 contra
840 2065 996 2130 fictus,
1017 2066 1096 2127 qui
1120 2066 1276 2113 callide
1298 2065 1414 2113 celat
1438 2066 1565 2112 vitia.

537 2131 774 2179 Permades
786 2151 804 2185 ,-
860 2148 1001 2179 sensus
1042 2140 1123 2188 est,
1167 2132 1300 2178 Recte
1343 2133 1417 2177 hoc
1455 2133 1598 2177 sentis.

467 2196 582 2245 Vet-
602 2194 753 2243 Schol.

535 2273 567 2323 9
601 2261 705 2308 Fuit
744 2258 910 2307 Tullius
945 2257 1175 2323 Tarquinii
1215 2260 1358 2307 Prisci
1389 2260 1597 2306 Lucano-

467 2326 538 2374 κίε
557 2344 712 2373 servus
733 2343 755 2373 e
775 2328 960 2387 captiva
980 2340 1125 2373 natus.
1154 2325 1267 2372 Vet.
1295 2322 1446 2372 Schol.
1489 2324 1596 2371 Fuit

468 2389 570 2438 haec
585 2390 761 2438 Ocrisia
778 2390 1095 2438 Corniculana.
1124 2390 1268 2451 Apud
1284 2391 1478 2436 Veteres
1491 2403 1595 2451 mp-

468 2454 553 2503 tivi
588 2454 907 2503 minuebantur
936 2455 1098 2517 capite,
1127 2466 1177 2502 et
1204 2470 1284 2518 per
1303 2454 1391 2503 hoc
1412 2455 1594 2502 amitte-

467 2521 577 2569 bant
596 2533 792 2581 gentem.

535 2597 598 2633 ιο
632 2585 764 2633 Nulli
780 2594 887 2632 sunt
903 2599 1092 2646 quorum
1111 2584 1256 2647 capita
1272 2582 1318 2631 in
1336 2584 1593 2633 Censorum

465 2649 592 2697 libris
612 2665 704 2697 non
726 2661 999 2712 comparent.
1044 2646 1096 2711 [†
1113 2651 1287 2705 Nullis,
1307 2649 1336 2694 i.
1358 2665 1398 2695 e.
1419 2649 1593 2708 ignobi-

465 2713 603 2772 libus,
630 2714 794 2774 ignotis
815 2725 860 2760 et
883 2714 936 2760 ab
957 2713 1203 2762 Historicis
1221 2713 1471 2776 praeteritis.
1507 2716 1594 2763 Pe-

463 2786 607 2829 rizon.
637 2779 888 2826 Animadv.
910 2778 1038 2825 Hist.
1059 2794 1099 2826 c.
1129 2776 1227 2840 13.]

531 2857 595 2893 12
629 2844 725 2893 Hic
748 2844 805 2891 P.
834 2844 1036 2890 Valerius
1055 2844 1160 2891 adeo
1167 2845 1301 2909 sedis
1320 2860 1373 2891 ac
1387 2847 1591 2909 projectis

461 2911 512 2957 s‘n
553 2927 710 2958 omnem
761 2911 1067 2973 turpitudinen
1117 2909 1303 2957 moribus
1347 2912 1490 2966 vixit,
1544 2920 1592 2957 ut

455 2975 647 3039 provehi
674 2992 754 3020 non
784 2977 976 3037 potuerit
1012 2975 1130 3021 ultra
1155 2976 1419 3043 Qaemaerae
1448 2978 1590 3040 digni-

458 3050 609 3089 tatem.
641 3039 753 3086 Vet.
772 3038 925 3088 Schol.

531 3106 668 3160 Unde,
687 3123 719 3152 a
740 3123 837 3167 queo,
855 3114 904 3151 us
926 3105 1067 3153 Genus
1089 3106 1194 3152 unde
1214 3106 1438 3153 Latis-nn.
1467 3106 1588 3153 Vct.

459 3169 615 3219 Sebol.
645 3168 884 3218 Valerium
909 3170 1185 3218 Publicolam
1209 3170 1332 3219 dicit.
1359 3209 1364 3216 .

528 3249 587 3297 13
623 3235 723 3283 Etsi
752 3235 883 3298 plane
915 3236 974 3282 sit
1010 3235 1122 3282 mihi
1163 3235 1473 3298 desipiendum
1514 3235 1588 3297 (ut

457 3301 612 3361 magni
639 3300 834 3349 Bentleii
870 3300 1016 3348 verbis
1049 3299 1171 3361 utar)
1206 3300 1398 3349 censebo
1432 3311 1588 3348 tamen

441 3368 548 3430 suit
563 3366 611 3414 in
627 3363 716 3413 hoc
733 3380 863 3412 versu
879 3365 1194 3428 preferendum
1214 3380 1306 3413 esse
1321 3363 1451 3412 alteri
1463 3365 1587 3413 Lec-

457 3432 575 3480 tioni
590 3432 744 3497 sugit.
807 3431 861 3478 In
884 3446 1015 3479 causa
1036 3429 1126 3478 fuit
1147 3429 1359 3477 variantis
1390 3429 1587 3491 scriptu-

454 3512 537 3553 rae,
585 3497 706 3559 quod
742 3495 967 3544 veteribus
999 3497 1105 3558 fuit
1139 3506 1185 3544 et
1218 3495 1350 3560 fugit
1382 3495 1584 3556 ejusdem

454 3561 588 3630 plane
607 3561 780 3610 fuerint
801 3559 1084 3624 prolationis,
1112 3559 1356 3622 liquefacto
1382 3575 1495 3607 sono
1526 3559 1587 3606 li-

454 3636 566 3674 terae
581 3645 634 3691 g,
665 3627 787 3689 quod
809 3624 884 3672 vix
907 3625 1142 3689 quisquam
1166 3625 1323 3672 doctus
1344 3636 1494 3687 potest
1516 3623 1583 3685 ig-

455 3706 629 3740 norare.
678 3691 916 3739 Librarius
935 3691 1125 3750 scriptor
1147 3689 1264 3738 male
1283 3688 1424 3737 audiit
1444 3705 1580 3737 suum

454 3747 779 3818 ’Δανάη-ην.
816 3756 871 3804 Β.
933 3755 1146 3803 Lectioni
1173 3756 1304 3820 sugit
1346 3767 1583 3818 repugnat,

448 3822 576 3886 quod
596 3820 672 3868 hic
691 3820 944 3884 postulatur
961 3820 1260 3883 praeteritum.
1307 3820 1579 3883 Exemplum

449 3902 545 3951 quo
564 3901 757 3949 praesens
772 3887 905 3999 §ugit
934 3896 1091 3934 tuetur
1112 3885 1360 3943 BentleiuS,
1389 3884 1505 3933 nihil
1526 3886 1580 3932 ad

449 3967 550 4000 tem
581 3951 708 4000 facit.
824 3967 897 3998 am
919 3951 983 3998 ibi
1004 3954 1184 4000 Astraea
1206 3950 1314 3998 olim
1342 3951 1473 4015 pulsa
1499 3952 1581 3997 ad·

449 4005 542 4066 fine
557 4017 697 4080 sugit
720 4018 994 4082 praecinctos.
1025 4016 1122 4064 Hic
1143 4016 1271 4078 plane
1295 4031 1363 4061 res
1385 4015 1484 4063 alia.
1517 4018 1579 4063 G.

518 4095 583 4139 14
621 4083 755 4157 Qud
776 4082 891 4138 lim,
922 4085 1061 4131 valet.
1092 4083 1205 4129 vet.
1227 4081 1376 4129 schol.
1439 4083 1578 4130 Licu-

447 4147 547 4203 ἱκσ,
577 4158 850 4195 estimatum
875 4162 983 4194 esse.
1023 4147 1086 4194 Z.

515 4225 574 4270 15
610 4211 762 4260 Judice
792 4229 872 4276 quo
907 4213 1045 4266 min,-
1082 4211 1143 4258 sic
1177 4210 1384 4271 legerunt
1416 4225 1574 4258 omnes

441 4275 643 4338 Cruquii
666 4289 714 4324 et
733 4276 965 4324 Torrentii
986 4276 1175 4324 Codices
1196 4292 1276 4337 pro
1300 4295 1417 4341 quem
1448 4280 1573 4323 nosti.
1592 4317 1605 4328 .

439 4341 672 4392 Tollenda
689 4353 758 4391 est
774 4354 926 4389 autem
944 4340 1270 4390 Subdistinctio
1289 4353 1386 4403 post
1405 4341 1572 4389 Judice.

441 4407 646 4462 Murali:
677 4418 725 4458 et
747 4405 938 4456 Comica
969 4417 1039 4456 est
1070 4406 1158 4456 ista
1190 4405 1481 4456 constructio.
1515 4407 1572 4455 B.

1662 1999 1839 2046 craecis
1857 1999 2220 2056 familiarissima,
2249 2013 2331 2046 nec
2364 1997 2576 2044 inusitata
2600 1996 2787 2044 Latinis.

1726 2128 1914 2188 Stultus,
1943 2128 2252 2191 Philosopbiae
2275 2127 2419 2184 rudis,
2447 2128 2570 2189 quod
2592 2142 2677 2173 nos
2696 2141 2784 2172 non

1658 2207 1831 2241 sumus.

1726 2259 1789 2306 16
1819 2259 2016 2323 hepene,
2045 2258 2093 2306 h.
2113 2275 2154 2305 e.
2176 2257 2322 2305 inanis
2350 2256 2553 2317 gloriola
2582 2266 2787 2303 sectator.

1659 2323 1841 2387 Ineptus
1862 2327 1984 2372 enim
2006 2324 2169 2371 dicitur
2186 2322 2265 2386 qui
2280 2337 2431 2385 sapere
2454 2323 2556 2369 vult
2578 2320 2721 2367 videri
2740 2321 2785 2365 in

1658 2402 1804 2448 nugis.

1724 2451 1784 2502 18
1820 2452 2005 2502 Nollem
2028 2452 2283 2501 Bentleium
2306 2453 2361 2500 de
2383 2452 2481 2500 Nos
2502 2450 2662 2498 fecisse
2686 2451 2787 2505 Ver,

1659 2534 1750 2580 quo
1773 2534 1865 2566 non
1882 2519 2111 2567 videretur
2126 2518 2349 2565 Horatius
2366 2520 2482 2581 longe
2498 2518 2700 2580 longeque
2719 2535 2787 2563 re·

1657 2593 1789 2631 notus
1828 2599 1854 2628 a
1891 2584 2051 2643 vulgo:
2099 2585 2220 2647 quod
2255 2598 2362 2629 sane
2394 2583 2545 2630 fuerat
2583 2581 2783 2640 Augusti

1658 2649 1851 2696 amicitia
1873 2648 2129 2710 praeclarus,
2161 2661 2207 2695 et
2228 2663 2309 2710 per
2331 2647 2417 2694 hoc
2450 2647 2663 2694 universo
2689 2647 2783 2693 orbi

1657 2715 1869 2764 Romano
1890 2726 2029 2762 notus
2049 2727 2184 2775 atque
2204 2724 2428 2773 acceptus·
2472 2713 2529 2759 B.
2594 2711 2783 2758 Humil-

1652 2778 1776 2825 limae
1797 2778 2067 2826 conditionis
2088 2779 2226 2825 bomo
2255 2793 2280 2824 a
2301 2778 2452 2837 vulgo.
2483 2776 2781 2824 nobilissimos

1652 2846 1789 2890 etiam
1824 2844 2078 2906 complexo,
2107 2844 2243 2890 distat
2271 2841 2521 2889 sententiis.
2585 2842 2701 2889 Non
2720 2841 2779 2888 ita

1654 2909 1820 2970 abjecte
1843 2911 1897 2957 de
1919 2925 1965 2956 se
1988 2909 2125 2957 sensit
2147 2908 2389 2964 Horatius,
2418 2918 2470 2955 ut
2498 2906 2575 2953 hic
2598 2922 2691 2953 non
2713 2907 2781 2953 di·

1654 2985 1775 3021 ceret
1799 2974 1907 3021 Noe.
1933 2975 1996 3020 G.
2060 2972 2160 3020 Etsi
2183 2973 2440 3020 emendatio
2461 2972 2663 3019 Bentleii
2682 2987 2777 3034 sp&

1655 3039 1773 3086 ciosa
1799 3052 1895 3096 est3
1928 3038 2158 3099 sequentia
2180 3049 2332 3085 tamen
2355 3053 2454 3084 eam
2476 3038 2694 3084 damnare
2718 3036 2781 3081 vi·

1650 3104 1831 3152 denrun
1883 3103 2007 3151 Nam
2029 3103 2227 3150 instituit
2253 3103 2431 3160 docere,
2462 3101 2675 3148 homines
2693 3101 2779 3148 bu·

1653 3168 1820 3215 miliori
1858 3168 1959 3216 loco
1995 3180 2143 3224 natos,
2172 3182 2228 3214 ne
2256 3168 2360 3228 jure
2390 3167 2495 3229 ipsis
2526 3167 2775 3213 invideatur

1651 3246 1731 3280 aut
1753 3233 1800 3280 bi
1822 3234 1868 3281 in
1890 3234 2093 3282 acerbam
2116 3232 2357 3279 hominum
2381 3232 2773 3295 reprehensionem

1651 3299 1903 3355 incurrant,
1922 3314 2014 3345 non
2035 3298 2192 3344 debere
2215 3309 2384 3344 certare
2413 3312 2519 3344 cum
2552 3296 2775 3356 generosis

1651 3374 1699 3410 et
1731 3364 1957 3411 nobilibus
1980 3364 2034 3411 de
2054 3361 2303 3410 ambiendis
2331 3361 2524 3409 summis
2551 3363 2663 3423 reip.
2693 3361 2776 3407 ho·

1648 3429 1851 3476 notibus.
1913 3428 2056 3487 Igitur
2095 3428 2190 3476 Nos
2226 3438 2334 3475 sunt
2371 3426 2582 3474 homines
2617 3426 2776 3486 ignoti,

1648 3492 1882 3541 humiliori
1898 3492 2000 3541 loco
2018 3492 2130 3550 nati,
2143 3492 2288 3555 qualis
2305 3504 2400 3539 erat
2415 3491 2657 3539 Horatius.
2683 3492 2775 3538 Ra-

1647 3561 1752 3606 noti
1771 3575 1801 3604 a
1834 3559 1988 3624 vulgo,
2019 3558 2067 3606 h.
2087 3573 2128 3605 e.
2159 3572 2322 3618 genere
2343 3569 2391 3604 et
2416 3557 2655 3604 sententiis
2686 3555 2773 3604 dis-

1648 3635 1878 3688 crepantes
1898 3639 1923 3670 a
1945 3622 2080 3683 vulgo
2111 3622 2370 3677 hominum,
2401 3620 2481 3684 qui
2512 3621 2589 3667 vel
2609 3624 2667 3669 ob
2688 3637 2772 3668 no-

1645 3688 1867 3736 bilitatem
1888 3687 2083 3735 honores
2103 3687 2190 3735 rite
2219 3687 2447 3744 ambiunt,
2472 3686 2543 3733 vel
2564 3687 2626 3733 ob
2647 3701 2771 3734 vana

1643 3753 1845 3814 gloriola
1866 3754 2157 3816 cupiditatem
2176 3753 2315 3800 stulte
2336 3751 2567 3800 affectant.
2610 3753 2674 3799 Z.

1698 3820 1803 3866 'Pro
1823 3818 1941 3884 longe
1959 3818 2124 3883 lateque
2144 3833 2303 3865 ornnes
2321 3817 2475 3879 scripti
2494 3816 2685 3865 Codices
2706 3816 2771 3863 le-

1644 3897 1807 3944 gerunt
1840 3886 1905 3932 lon
1934 3903 1955 3930 e
1986 3885 2198 3948 longeque,
2233 3883 2353 3945 quod
2381 3882 2533 3942 longe‘
2547 3881 2769 3944 longeque

1645 3950 1819 3997 melius.
1885 3903 1993 3996 ἧος
2016 3951 2151 3996 modo
2170 3948 2353 3995 locutus
2373 3959 2441 3994 est
2462 3960 2510 3994 et
2533 3947 2702 3995 Cicero
2719 3949 2771 3995 in

1642 4013 1766 4061 libris
1786 4016 1838 4062 de
1864 4015 2066 4070 Finibus,
2098 4026 2149 4060 ut
2170 4013 2366 4061 ostendit
2390 4012 2640 4075 Cruqnius.

1708 4092 1768 4142 19
1805 4079 1933 4144 Qid
1962 4093 2060 4126 tum
2083 4078 2118 4123 si
2142 4077 2333 4140 populos
2360 4078 2501 4125 stulte
2526 4079 2771 4140 judicaret.

1638 4144 1744 4206 quid
1770 4145 1855 4191 boc
1874 4146 1926 4190 ad
1945 4160 2024 4191 nos
2046 4139 2444 4205 philosophantes?
2477 4142 2589 4190 Plus
2602 4144 2767 4197 dicam,

1637 4208 1745 4271 quid
1769 4211 1805 4255 si
1830 4210 2007 4257 Censor
2026 4208 2270 4255 nobilitatis
2288 4208 2520 4256 studiosus
2542 4224 2617 4255 me
2637 4223 2767 4255 sena·

1638 4286 1687 4322 tu
1710 4271 2001 4323 excluderet?
2033 4272 2141 4336 quid
2173 4270 2311 4321 tum?
2345 4289 2407 4320 an
2432 4271 2538 4322 ideo
2569 4273 2767 4321 deterior

1635 4336 1813 4388 essem?
1850 4339 1946 4388 Hic
1969 4355 2078 4386 vero
2098 4337 2271 4400 colligit
2290 4354 2359 4397 se,
2385 4351 2435 4387 et
2455 4350 2693 4394 retractat,
2710 4353 2762 4385 se

1634 4404 1798 4454 merito
1827 4403 1916 4455 hoc
1947 4405 2177 4456 facturum
2202 4419 2435 4455 censorem
2465 4403 2682 4461 affirmat,
2710 4413 2764 4451 ut
