3000 4979
403 305 527 369 136

747 470 1099 537 Damnum.

1088 292 1175 370 Q.
1222 290 1644 359 HORATII
1694 292 2044 362 FLACCI

1191 489 1424 551 NEQUE
1456 469 1718 534 amissos
1747 471 1999 538 colores

840 583 1025 646 Lana
1054 579 1244 645 refert
1273 581 1591 646 medicata
1619 582 1799 649 fuco:

669 698 809 764 Nec
839 717 988 761 vera
1017 695 1239 772 virtuS,
1288 715 1432 757 cum
1466 695 1665 760 semel
1695 696 1956 774 excidit,

497 822 584 880 30
673 811 877 877 Curat
906 808 1130 894 reponi
1162 805 1606 873 deterioribus.

759 924 829 990 Si
861 933 1105 1010 pugnat
1132 921 1441 986 extricata
1469 921 1681 986 densis

849 1036 1058 1100 Cerva
1086 1033 1315 1122 plagiS,
1363 1034 1485 1099 erit
1516 1034 1621 1098 ille
1652 1033 1854 1112 fortis,
1922 1086 1927 1091 .

675 1147 809 1224 Qui
839 1146 1103 1232 perfidis
1133 1169 1200 1211 se
1233 1146 1502 1210 credidit
1534 1145 1855 1221 hostibus;

676 1261 764 1326 Et
798 1258 1015 1325 Marte
1049 1259 1285 1324 Poenos
1316 1272 1600 1345 proteret
1632 1258 1853 1336 altere,

502 1385 584 1441 35

766 1372 900 1449 Qui
929 1372 1071 1437 lora
1097 1372 1399 1436 restrictis
1428 1370 1682 1435 lacertis

854 1484 1068 1551 Sensit
1095 1485 1287 1562 inem,
1334 1484 1675 1572 timuitque
1703 1495 1998 1548 mortem.

678 1599 836 1678 Hic,
883 1597 1055 1663 unde
1084 1599 1280 1662 vitam
1311 1610 1605 1674 sumeret,
1653 1596 1909 1675 insciuS,

681 1712 915 1776 Pacem
945 1711 1164 1776 duello
1193 1711 1465 1776 miscuit.

1559 1709 1623 1775 O
1653 1710 1864 1796 pudor
1887 1708 1903 1774 !

766 1823 830 1890 O
861 1847 1094 1912 magna
1128 1823 1476 1911 CarthagO,
1523 1821 1854 1908 probrosis

505 1948 592 2004 40

850 1936 1073 2000 Altior
1106 1934 1311 1999 Italiae
1343 1933 1545 1998 ruinis
1570 1932 1585 1998 !

681 2049 913 2113 Fertur
941 2046 1194 2134 pudicae
1224 2046 1514 2132 conjugis
1544 2047 1853 2124 osculum,

422 2260 480 2308 ³1
519 2245 592 2293 Sic
619 2247 749 2293 Glar.
899 2259 963 2306 3²
995 2244 1076 2292 Illa
1097 2245 1304 2307 codd.'ap.
1324 2239 1427 2291 Ian.

1578 2257 1639 2305 33
1675 2243 1866 2293 reddidit
1888 2245 2025 2293 Brod.

2182 2242 2246 2307 36
2285 2244 2527 2309 timuitque
2561 2261 2762 2298 monem

490 2310 637 2366 Hinc,
669 2312 787 2357 unde
808 2309 947 2358 vitam
969 2320 1165 2357 sumeret
1188 2309 1353 2371 aptius,
1384 2310 1552 2356 Pacem
1574 2322 1621 2358 et
1642 2320 1719 2358 etc.
1741 2311 1889 2358 Bentl.
1910 2314 2016 2376 conj.
2081 2309 2209 2358 Hinc
2243 2313 2374 2358 etiam
2404 2314 2500 2360 coll.
2530 2313 2649 2362 Sat.
2684 2331 2764 2379 ap-

491 2378 582 2424 tius
601 2379 705 2441 quid
724 2376 847 2424 MS.
976 2374 1037 2436 38
1073 2377 1235 2422 Pacem
1257 2386 1305 2422 et
1329 2374 1475 2423 Benel.

496 2547 556 2595 27
592 2536 812 2583 Damnum
838 2536 976 2583 modo
999 2551 1082 2598 pro
1104 2547 1247 2582 suamc
1277 2534 1417 2582 dixit:
1454 2549 1561 2582 nam

431 2603 670 2658 damnosus,
700 2601 898 2661 impense
920 2602 1131 2664 prodigus
1151 2601 1332 2647 dicitur.

1628 2599 1640 2610 ¹
1699 2535 1898 2611 Credidit·
1916 2533 2096 2611 ridetur
2121 2533 2340 2611 respicere
2374 2535 2427 2581 ad
2446 2535 2601 2611 fciet,
2636 2538 2767 2604 cujus

1628 2615 1676 2646 iu
1700 2601 1779 2647 tali
1800 2601 2027 2647 deditione
2050 2599 2163 2647 solet
2192 2600 2288 2645 fieri
2317 2612 2521 2649 mentio:
2557 2614 2603 2648 et
2625 2604 2769 2650 vebe-

500 2663 561 2713 28
595 2668 732 2712 fucus
756 2666 892 2713 herba
925 2666 1098 2712 marina
1120 2677 1205 2722 est,
1237 2680 1325 2727 qua
1347 2662 1564 2712 tinctores
1628 2666 1828 2714 mentius
1849 2677 1919 2713 est
1939 2665 2125 2712 credidit
2153 2664 2345 2729 perfiAEr.
2409 2666 2498 2712 Sed
2531 2678 2692 2715 noster
2720 2684 2768 2715 e-

434 2746 714 2792 purpureum
760 2731 959 2777 colorem
999 2731 1307 2778 imitabantur.
1390 2729 1566 2776 Graecis

437 2795 675 2858 φῦκοςώίς
694 2795 877 2856 figurate
899 2810 981 2857 pro
1000 2797 1161 2856 quovis
1182 2795 1349 2843 colore.
1369 2794 1428 2841 B.
1465 2795 1569 2842 No-

439 2860 574 2907 tabile
606 2863 767 2923 sucum
802 2877 894 2907 esse
928 2857 1181 2916 διναηοιόν,
1220 2859 1472 2906 adhibitum
1513 2860 1570 2906 ad

437 2926 526 2973 hoc
556 2926 721 2986 ipsum,
756 2938 808 2973 ut
830 2925 1094 2971 nobiliorem
1120 2940 1360 2987 purpuram
1390 2924 1569 2972 facilius

441 2991 671 3040 combibat
687 2991 808 3037 lana:
831 2990 1053 3053 disputavi
1070 3006 1121 3037 ea
1139 2992 1193 3037 de
1211 3006 1262 3037 re
1280 2991 1333 3036 ad
1348 2989 1574 3051 Quinctil.

441 3070 520 3106 η.
544 3069 621 3105 10.
645 3069 670 3116 7
675 3071 724 3117 5.
767 3058 831 3103 G.

510 3135 571 3184 29
607 3123 730 3169 Bene
750 3123 909 3169 excidit
930 3120 1134 3168 dicturus
1156 3123 1316 3185 reponi,
1346 3135 1573 3181 reponun-

441 3200 520 3235 tur
541 3188 663 3234 enim
682 3200 843 3234 statuae
864 3202 966 3248 quae
988 3186 1190 3233 excidere
1217 3186 1420 3233 sedibus:
1457 3185 1571 3231 bene

443 3254 580 3300 etiarn
606 3253 701 3300 brec
725 3253 779 3298 de
801 3253 971 3298 virtute
991 3263 1206 3312 tanquam
1230 3253 1326 3297 dea.

513 3330 576 3376 30
610 3319 813 3364 Deterior
833 3333 862 3362 a
892 3316 1011 3369 bono,
1040 3320 1162 3379 pejor
1197 3334 1225 3361 a
1259 3316 1370 3361 malo
1400 3316 1574 3361 dicitur.

447 3384 561 3428 Vct.
597 3382 747 3428 Schol.
792 3382 847 3425 B.
935 3380 1043 3426 Hoc
1083 3380 1197 3434 vult,
1233 3381 1383 3434 credo,
1423 3379 1576 3425 Schol-

444 3450 624 3494 deterius
651 3463 743 3493 esse
777 3445 926 3491 minus
957 3445 1148 3502 bouum,
1169 3446 1293 3507 pejus
1318 3445 1458 3502 magis
1480 3459 1578 3490 ma·

445 3511 560 3558 lum.
605 3514 668 3559 G.

517 3589 576 3636 31
616 3577 880 3631 Exrn’cata,
899 3570 1132 3635 expeditu
1162 3571 1316 3618 Graeci
1338 3571 1459 3618 enim
1484 3569 1581 3646 ‹rgi-

449 3659 548 3702 χαις
572 3641 754 3702 capillos
777 3640 952 3686 dicunt.
1016 3635 1214 3683 Laudin.
1282 3638 1424 3682 Erant
1457 3652 1578 3682 enim

455 3705 597 3753 Tricae
630 3705 867 3752 tendicula:
901 3719 955 3750 ex
989 3700 1089 3764 pilis
1120 3701 1271 3757 factae,
1304 3701 1466 3764 quibus
1498 3717 1578 3747 au·

451 3786 591 3831 cupes
626 3769 915 3833 illaqueandis
950 3768 1105 3814 avibus
1137 3767 1395 3814 utebantur.
1443 3767 1578 3814 B.—

452 3837 619 3883 Seusus
651 3849 739 3883 est:
790 3836 837 3881 Si
860 3850 988 3881 cerva
1018 3832 1201 3878 liberata
1224 3848 1248 3877 e
1271 3832 1441 3879 retibus
1468 3847 1579 3893 pug-

453 3914 532 3947 nat
565 3912 721 3946 contra
753 3915 911 3947 canes:
957 3900 1093 3945 etiam
1123 3897 1160 3944 is
1185 3896 1317 3943 fortis
1347 3897 1453 3953 erit,
1482 3898 1581 3958 qui,

449 3980 538 4013 etc.
589 3966 652 4011 Z.

523 4042 585 4090 32
622 4030 773 4092 Plagis
787 4030 880 4091 jam
904 4029 1091 4089 figurate
1110 4042 1191 4089 pro
1207 4026 1393 4075 retibus.
1425 4026 1582 4090 Plaga·

453 4099 563 4143 enim
589 4098 769 4158 proprie
785 4094 923 4151 funes
957 4098 1109 4141 retium
1142 4101 1254 4139 sunt.
1300 4093 1408 4138 Vct.
1432 4091 1581 4138 Schol-

524 4173 585 4220 33
620 4160 743 4205 Beue
769 4159 947 4222 perfidis
969 4161 1023 4205 de
1049 4158 1217 4213 Poenis,
1249 4158 1367 4203 uude
1392 4157 1580 4203 Prover-

453 4226 599 4280 blttm,
632 4226 800 4280 Punica
807 4225 936 4285 fides.

521 4291 593 4336 Ex
627 4289 804 4350 propria
835 4289 1088 4349 conjectura
1122 4285 1355 4334 Bentlefus
1385 4284 1579 4348 reposuit

453 4376 497 4403 se
516 4355 675 4400 dedidit
696 4368 776 4414 pro
798 4372 840 4398 se
858 4356 1029 4398 crecifdie
1045 4373 1060 4406 ‚⁶
1087 4352 1207 4415 quod
1228 4367 1320 4399 uon
1343 4363 1436 4397 erat
1452 4365 1578 4411 opus.

453 4419 690 4485 'Ejusmodi
714 4418 989 4476 Μετάληψις
1012 4418 1296 4466 usitatissima
1319 4427 1399 4463 est.
1439 4416 1491 4463 B.

1634 2731 1745 2778 tiam
1770 2742 1815 2789 3.
1837 2743 1916 2788 27.
1937 2728 2016 2778 62.
2048 2732 2166 2778 crede
2194 2742 2236 2777 te
2261 2731 2458 2793 procelle
2475 2749 2492 2778 .·
2529 2731 2608 2779 ubi
2640 2733 2768 2781 nulla

1633 2811 1782 2857 neque
1802 2811 1901 2857 spes
1922 2810 2068 2857 neque
2088 2795 2196 2842 fides
2217 2807 2301 2842 est.
2344 2796 2406 2841 G.

1700 2873 1764 2920 34
1796 2861 2017 2917 Proteret,
2046 2860 2339 2922 proculcabit.

1700 2924 1762 2984 36
1798 2925 1968 2973 Timen
1986 2935 2161 2972 mortem
2181 2925 2351 2971 crimen
2372 2940 2584 2986 magnum
2607 2926 2770 2976 militis

1636 2989 1852 3038 Romani.
1918 2991 2013 3052 Qui
2052 2988 2190 3037 semel
2228 3001 2424 3037 mortem
2446 2992 2596 3038 *timet
2636 3008 2771 3056 super

1637 3056 1807 3111 omnia,
1825 3071 1922 3102 rem
1944 3054 2123 3103 fortiter
2141 3070 2292 3115 gerere
2314 3071 2406 3102 uon
2430 3067 2591 3117 potest.
2644 3060 2769 3106 Idem

1636 3139 1796 3167 sumere
1813 3123 1958 3167 vitam
1979 3120 2078 3167 vult
2102 3136 2126 3166 a
2148 3121 2272 3179 fuga,
2305 3135 2439 3182 quam
2460 3140 2627 3170 sunere
2648 3123 2771 3186 poti·

1637 3201 1691 3232 us
1734 3185 1920 3232 debebat
1957 3201 1984 3231 a
2017 3185 2140 3232 caede
2182 3184 2338 3232 hostis.
2391 3187 2455 3232 G.
2517 3187 2671 3248 Iners,
2704 3191 2770 3250 ig-

1636 3266 1792 3297 navus.

1704 3328 1762 3375 37
1801 3315 1924 3377 Quid
1945 3314 2055 3362 facit
2078 3314 2269 3362 Bentleii
2289 3316 2387 3363 hinc
2408 3330 2491 3378 pro
2513 3318 2600 3375 hic,
2632 3332 2769 3382 atque

1637 3384 1782 3443 aptius
1816 3395 1899 3441 pro
1930 3378 2128 3427 inscius?
2166 3395 2268 3442 quae
2304 3392 2455 3428 tamen
2478 3381 2555 3428 ille
2578 3382 2767 3432 editioni

1641 3459 1734 3492 suae
1761 3445 1949 3491 inscruit
1978 3445 2036 3491 ob
2069 3445 2295 3492 raritatem
2320 3445 2544 3493 Codicum
2566 3459 2621 3496 ut
2645 3462 2772 3511 puto.

1643 3510 1695 3555 Β.
1760 3511 1924 3556 Sensus
1945 3510 2138 3570 vulgatae
2162 3523 2256 3556 est:
2293 3510 2390 3557 Hic
2422 3511 2552 3559 miles
2573 3529 2682 3561 cum
2707 3515 2772 3574 ig-

1643 3587 1845 3630 noraret,
1880 3576 2023 3621 vitam
2056 3591 2106 3622 ac
2138 3576 2327 3623 salutem
2362 3591 2456 3623 esse
2486 3579 2769 3627 retinendam

1640 3639 1822 3687 fortiter
1853 3640 2109 3702 pugnando,
2138 3656 2228 3687 nou
2261 3640 2315 3685 ab
2349 3639 2478 3688 hoste
2509 3647 2768 3702 petendam.

1643 3703 1888 3815 maluitzm
1929 3719 2036 3766 pace
2085 3704 2235 3752 vivere
2277 3720 2413 3768 quam
2469 3706 2644 3756 bellum
2693 3726 2775 3770 ge-

1641 3784 1752 3817 rere.
1847 3801 1858 3815 .

1707 3832 1769 3893 38
1805 3834 1957 3880 Pacem
2006 3834 2141 3881 duello
2189 3835 2357 3882 miscuit
2370 3856 2387 3888 ,-
2451 3838 2525 3900 qui
2563 3847 2769 3903 tanquan

1641 3901 1688 3946 t'n
1702 3912 1810 3962 pace
1829 3899 2016 3946 hostibus
2037 3918 2080 3945 se
2100 3900 2301 3946 credidit.
2354 3900 2466 3948 Vct.
2488 3900 2643 3950 Schol-

1712 3975 1773 4025 39
1808 3965 1992 4026 Magna
2019 3964 2237 4027 Carthago
2264 3964 2318 4010 ab
2340 3967 2490 4012 accolis
2520 3968 2771 4017 vocabam.

1645 4029 1757 4074 Vet.
1797 4026 1948 4075 Schol.
2009 4029 2121 4075 Erat
2152 4027 2274 4075 enim
2303 4030 2351 4076 in
2376 4030 2599 4092 Hispania
2633 4033 2773 4081 altera

1647 4092 1875 4153 Carthago
1896 4092 1978 4140 hac
2003 4091 2167 4141 minor.
2211 4094 2268 4140 Β.
2319 4095 2451 4142 Male
2476 4098 2629 4144 omisit
2653 4100 2772 4146 Bax-

1644 4169 1714 4203 ter
1745 4158 1875 4204 verba
1906 4173 2030 4220 seqq.
2088 4159 2177 4206 Sed
2207 4161 2276 4206 hic
2306 4177 2398 4207 eam
2423 4164 2552 4223 poftae
2579 4166 2775 4213 dedecore

1642 4223 1929 4269 Romanorum
1949 4226 2151 4287 majorem
2173 4226 2240 4271 ait
2256 4225 2453 4290 factam.
2497 4227 2561 4273 Z·

1709 4300 1774 4345 40
1808 4289 1928 4335 Bene
1947 4290 2084 4335 altior
2102 4289 2384 4350 subjecturus
2403 4293 2559 4339 ruinis.

1708 4367 1768 4411 41
1808 4356 2008 4404 Martie
2030 4352 2094 4402 illi
2118 4369 2285 4403 nomen
2308 4367 2419 4415 erat,
2440 4368 2627 4407 auctore
2649 4359 2773 4409 silio.
