3000 4979
868 280 1427 358 SERMONUM
1474 280 1630 346 Lm.
1678 278 1770 344 II.
1819 290 1879 350 7.
2411 295 2544 356 433

462 466 736 537 Evfisti?
781 464 976 531 credo
1006 475 1270 539 metues,
1305 461 1661 545 doctusque
1690 457 1964 522 cavebis,

465 585 738 661 Quaeres
768 573 1030 664 quando
1061 574 1293 637 iterum
1325 592 1578 655 paveaS,
1610 569 1968 653 iterumque
2001 568 2214 652 perire

296 703 383 769 70
474 693 709 759 Possis·
809 687 873 751 O
905 685 1093 749 toties
1125 678 1378 746 servus!
1429 701 1575 765 quae
1606 676 1797 743 belua
1823 678 2049 762 ruptis,

467 805 636 870 Cum
668 797 861 864 semel
892 795 1138 881 effugit,
1171 790 1382 856 reddit
1413 813 1481 854 se
1511 810 1713 875 prava
1741 789 1983 853 catenis
2005 787 2036 851 P

457 915 611 981 Non
645 933 786 976 sum
818 905 1131 981 moechus,
1166 905 1257 967 ais
1280 926 1300 966 :⁴
1345 924 1553 988 neque
1583 924 1727 988 ego,
1765 899 2045 978 hercule,
2079 898 2204 978 fur,
2238 898 2351 967 ubi
2382 921 2535 964 vasa

460 1024 787 1089 Praetereo
818 1017 1070 1102 sapiens
1103 1026 1444 1102 argentea:
1493 1010 1647 1075 tolle
1678 1009 2012 1095 periclum,

465 1134 613 1199 Jam
643 1154 805 1218 vaga
833 1126 1123 1214 prosiliet
1148 1122 1366 1186 fraenis
1398 1135 1631 1185 natura
1659 1121 1941 1185 remotiS.

293 1254 376 1317 75
469 1243 662 1308 Tune
691 1239 849 1303 mihi
880 1236 1198 1311 dominus,
1232 1256 1449 1298 rerum
1482 1232 1770 1318 imperiis
1797 1232 2262 1318 hominumque

468 1353 603 1419 Tot
632 1351 949 1436 tantisque
977 1343 1238 1412 minor?
1283 1366 1473 1431 quem
1508 1356 1604 1408 ter
1633 1342 1916 1407 vindicta
1944 1354 2296 1428 quaterque

468 1462 781 1548 Imposita
798 1459 990 1524 -haud
1018 1478 1301 1543 unquam
1334 1455 1568 1518 misera
1596 1451 1940 1516 formidine
1969 1450 2222 1537 privet?

470 1573 663 1639 Adde
694 1593 904 1656 super,
937 1568 1124 1633 dictis
1155 1566 1332 1652 quod*
1360 1587 1492 1629 non
1524 1565 1725 1629 levius
1755 1563 2000 1640 valeat3
2046 1584 2197 1626 nam

474 1686 620 1750 Sive
650 1683 923 1747 vicarius
953 1694 1067 1758 est,
1101 1680 1212 1767 qui
1243 1700 1425 1741 servo
1454 1690 1638 1761 paret
1669 1676 1790 1759 (uti
1821 1696 1959 1737 mos

303 1805 390 1863 80
479 1795 708 1859 Vester
739 1794 855 1873 ait)
888 1810 1000 1856 seu
1034 1812 1377 1855 conservus
1396 1812 1417 1865 3
1465 1788 1582 1851 tibi
1617 1785 1773 1874 quid
1805 1807 1946 1849 sum
1969 1780 2149 1871 ego?
2194 1766 2425 1869 nempe

470 1909 600 1986 Tu,
630 1907 793 1971 mihi
822 1906 932 1993 qui
963 1905 1311 1989 imperitas,
1344 1902 1484 1966 aliis
1516 1901 1712 1966 servis
1742 1900 1955 1977 miser,
1986 1914 2180 1983 atque

465 2019 743 2085 Duceris
773 2032 847 2082 ut
874 2018 1085 2082 nervis
1115 2016 1340 2080 alienis
1372 2011 1608 2078 mobile
1638 2012 1908 2100 lignum.

474 2134 792 2211 Quisnam
823 2132 1019 2218 igitur
1047 2126 1263 2193 liber?
1308 2126 1600 2212 Sapiens,
1636 2126 1756 2189 sibi
1787 2124 1897 2210 qui
1928 2122 2345 2207 imperiosus3

468 2247 681 2323 Quem
704 2267 911 2331 neque
928 2243 1286 2329 pauperieS,
1309 2263 1516 2326 neque
1538 2262 1732 2317 morS,
1761 2259 1969 2324 neque
1990 2234 2244 2300 vincula
2267 2242 2537 2307 terrent;

298 2369 384 2450 85
476 2362 882 2446 Responsare
911 2357 1341 2443 cupidinibu5‚
1376 2366 1786 2418 contemnere
1815 2351 2096 2415 honores

478 2472 727 2548 Fortis:
776 2483 838 2536 et
867 2472 935 2535 in
967 2470 1174 2557 seipso
1204 2482 1397 2545 totuS,
1432 2477 1602 2532 teres
1633 2478 1824 2552 atque
1855 2462 2193 2538 rotunduS‚

204 2738 278 2791 68
311 2752 504 2794 metues,
526 2738 677 2797 credo,
697 2738 841 2785 Benel.
859 2756 912 2783 ex
936 2739 1022 2784 cod.
1174 2745 1236 2794 70
1268 2735 1434 2783 totiens
1456 2736 1603 2781 Bentl.
1767 2730 1830 2792 78
1859 2732 1991 2777 Adde
2015 2742 2166 2789 super,
2184 2723 2318 2772 dictis
2335 2726 2464 2769 etim
2489 2721 2552 2767 G.

240 2820 379 2868 supra
399 2804 536 2852 dietis
551 2804 615 2850 al.
742 2802 803 2862 83
832 2802 912 2850 sibi
936 2802 1014 2865 qui
1034 2803 1166 2848 etia·-
1189 2802 1248 2847 G.
1262 2800 1305 2847 S.
1320 2808 1360 2847 et
1375 2804 1531 2865 prinu
1553 2800 1681 2848 editt.
1809 2797 1867 2861 [ψ
1887 2794 1951 2845 86
1974 2807 2128 2850 totus;
2164 2783 2514 2847 teres—Bentl.]

205 3025 328 3076 Hoc
391 3022 509 3081 vult,
571 3019 683 3084 quid
734 3033 879 3068 causae
932 3019 1071 3076 dices,
1116 3030 1348 3081 personate
1480 3013 1541 3073 78
1576 3013 1753 3061 Melior
1777 3011 1945 3059 Lectio
1968 3021 2036 3057 est
2057 3006 2253 3056 Bentleii
2291 3021 2347 3052 ex
2381 3001 2553 3059 Libris,

207 3105 364 3146 serve,
391 3088 430 3136 ti
451 3104 529 3150 pro
553 3102 681 3135 servo
700 3096 743 3134 te
766 3096 931 3134 tractet
951 3084 1158 3143 maritus,
1176 3085 1223 3131 in
1248 3100 1350 3131 cru·
1415 3080 1545 3128 Adde
1577 3089 1700 3142 super
1733 3078 1889 3141 [quam
1912 3077 2040 3122 Adde
2060 3071 2221 3138 supra]
2265 3071 2314 3118 h.
2334 3086 2376 3116 e.
2406 3069 2551 3132 Super

208 3170 321 3204 cem
343 3166 389 3201 te
411 3150 544 3213 agat?
580 3153 645 3198 G.
1415 3147 1546 3201 adde,
1567 3143 1808 3191 Luciliano
1831 3153 1942 3203 puto
1963 3139 2083 3186 stilo.

284 3217 544 3267 Libidinem
593 3216 704 3263 dicit
756 3215 978 3263 dominum.
1012 3213 1066 3261 B.
1153 3213 1351 3261 Minime
1482 3223 1544 3272 79
1583 3210 1662 3257 Uti
1706 3227 1792 3255 mos
1838 3214 1983 3252 vester
2032 3206 2100 3250 ait
2118 3224 2134 3256 ,-
2193 3201 2240 3249 h.
2278 3216 2321 3247 e·
2366 3210 2421 3248 ut
2470 3212 2551 3245 vos

208 3301 362 3343 vero3
395 3284 449 3330 de
481 3282 644 3330 marito
676 3297 825 3329 sermo
847 3294 932 3337 est,
951 3296 1088 3343 quem
1111 3279 1348 3326 dominum
1413 3276 1597 3336 ingenui
1619 3274 1815 3321 ridentes
1835 3270 2068 3319 nominare
2090 3264 2400 3315 consuevistis.
2433 3264 2488 3310 Β.

204 3350 299 3399 sibi
323 3348 497 3398 adulter
518 3346 770 3402 constituit,
800 3358 853 3393 ut
875 3346 912 3392 is
933 3344 1072 3407 possit
1110 3344 1158 3390 in
1196 3344 1353 3401 vitam,
1484 3343 1708 3396 Vicat-ius,
1721 3353 1873 3385 servus
1888 3335 1966 3398 qui
1980 3346 2049 3381 est
2064 3333 2112 3380 in
2129 3332 2312 3380 alterius
2334 3329 2448 3376 servi
2470 3343 2551 3391 pe-

207 3432 400 3479 corpus,
419 3413 605 3469 famam,
627 3427 723 3459 rem
742 3411 880 3473 ipsius
896 3410 1096 3470 grassari.
1129 3411 1191 3456 G.
1415 3407 1551 3454 culio.
1585 3407 1649 3452 Z.

220 3541 225 3544 Δ
281 3480 346 3541 67
386 3480 592 3543 Corpore,
609 3493 660 3524 ea
684 3489 810 3539 parte
832 3476 1045 3539 corporis,
1059 3492 1147 3537 qua
1168 3474 1235 3521 vir
1258 3489 1318 3520 es.
1480 3470 1544 3520 82
1581 3469 1755 3516 Mobile
1797 3469 1959 3532 lignum
1974 3482 1993 3523 ,·
2035 3465 2286 3529 plerumque
2315 3456 2552 3505 simulacra

280 3544 347 3596 68
384 3545 570 3599 Doctus,
592 3543 805 3590 monitus.
1413 3540 1463 3584 de
1491 3538 1607 3599 ligno
1627 3534 1765 3600 facta
1796 3537 1944 3580 nervis
1977 3540 2210 3578 moventur.
2263 3526 2377 3570 vet.
2400 3520 2553 3569 Schol.

276 3611 345 3674 69
387 3605 844 3672 PerIre,Hyperbole
862 3623 945 3670 pro
968 3606 1122 3667 ingens
1139 3605 1258 3653 adire
1273 3619 1351 3668 pe·
1415 3601 1738 3668 ngeicaeaew
1814 3597 1990 3644 Graecis
2055 3593 2391 3657 appellabantur
2456 3587 2554 3634 ista.

208 3678 434 3727 ticulum·
1419 3670 1574 3729 Apage
1599 3664 1792 3711 Bentleii
1812 3663 1961 3709 mobile
1981 3663 2163 3724 signum.
2248 3655 2403 3715 Mnjus
2442 3651 2554 3714 quid

279 3756 341 3805 71
382 3742 567 3795 Pravo,
587 3737 748 3786 stolide
768 3753 987 3801 perversa.
1419 3746 1486 3779 est
1520 3731 1691 3777 moveri
1738 3731 1897 3792 lignum
1944 3740 2080 3786 quam
2125 3725 2290 3788 signum
2310 3719 2362 3766 ε’.
2426 3714 2553 3780 Quid

287 3820 353 3870 73
387 3806 511 3853 Tolle
536 3805 693 3869 perid.
733 3803 793 3850 cf.
824 3803 879 3850 de
912 3817 958 3849 re
991 3801 1110 3848 infra
1141 3798 1288 3864 Epist.
1321 3801 1363 3845 1.
1420 3798 1542 3860 quod
1565 3797 1610 3841 in
1634 3794 1761 3842 nullo
1784 3791 1897 3837 libro
1920 3791 2093 3849 legatur
2115 3789 2279 3852 signab-
2297 3785 2324 3831 ,Ρ

215 3873 296 3928 16.
316 3886 401 3934 53·
426 3873 491 3918 Z·
1487 3859 1548 3920 83
1585 3861 1681 3906 Sibi
1699 3861 1770 3923 qui
1790 3859 2074 3920 imperiosum·
2130 3851 2208 3913 qui
2247 3851 2440 3911 imperat
2483 3844 2557 3891 nf-

282 3951 309 3999 7
313 3953 344 3999 5
381 3938 551 3985 Rerum
589 3934 815 3996 Imper1'1'83
867 3935 937 3979 cui
974 3933 1179 3996 pecunia,
1222 3948 1362 3986 anor,
1420 3926 1630 3973 fectibus·
1692 3924 1817 3981 Lege
1839 3935 1944 3967 cum
1970 3916 2180 3965 Bentleio
2216 3915 2300 3962 sibi
2335 3915 2410 3976 qui
2445 3907 2553 3974 [pro

208 4005 368 4062 libido,
389 4005 575 4050 honines
610 4008 672 4046 tot
706 4001 900 4060 tantique
921 4001 979 4045 r'm
1031 4006 1150 4052 rant,
1185 3995 1358 4059 dignum
1419 3987 1623 4054 sibique]-

206 4085 280 4119 εει
300 4080 343 4118 te
363 4072 583 4133 imperare
602 4066 710 4110 nihi
726 4062 753 4107 Ι
786 4064 898 4110 Vet.
919 4063 974 4109 Sc
1010 4061 1071 4107 ol.
1094 4061 1238 4121 Cruq.
1484 4054 1545 4114 85
1582 4056 1868 4117 Responsare,
1888 4061 1992 4095 cum
2011 4046 2143 4093 vultu
2166 4057 2345 4103 negare,
2381 4052 2427 4086 et
2466 4036 2554 4083 ob-

284 4131 349 4194 76
388 4134 618 4185 Vindicta,
645 4131 776 4192 virga
815 4128 1021 4174 Pretoris
1041 4143 1126 4190 qua
1141 4126 1357 4187 penurie.
1417 4121 1588 4167 sistere.
1619 4119 1676 4164 B.
1735 4117 2002 4178 Responsare
2033 4121 2101 4157 est
2135 4110 2385 4155 detrectare
2407 4105 2552 4166 impe·

212 4197 381 4249 bantur
412 4200 534 4246 servi
563 4195 662 4240 dum
695 4194 821 4240 libem·
856 4193 1046 4257 fiebant,
1089 4193 1356 4235 manumitte·
1419 4186 1556 4232 rium.
1589 4183 1653 4228 G.

206 4265 477 4330 bantur-que,
506 4262 644 4323 copiti
661 4261 886 4322 impositas
924 4257 1062 4305 tribus
1086 4271 1265 4317 namque
1287 4255 1357 4300 re-‘
1486 4245 1552 4297 86
1584 4244 1763 4293 Stoicus
1798 4242 1972 4304 sapiens
2010 4240 2095 4286 deo
2134 4236 2288 4283 Stoico
2323 4231 2481 4281 similis
2502 4230 2551 4277 h.

208 4332 291 4378 hus
322 4329 392 4394 Jie
424 4325 716 4380 manumissio,
752 4324 981 4384 Vindicta,
1015 4321 1169 4379 Cema,
1203 4318 1355 4368 Testa-
1420 4331 1462 4361 e.
1492 4312 1684 4367 mundo,
1713 4309 1933 4355 rotundus
1965 4315 2052 4361 est,
2083 4314 2137 4349 ut
2171 4300 2223 4348 ad
2248 4311 2474 4353 centrum,
2496 4296 2574 4362 ad·

207 4408 374 4445 uento.
406 4395 521 4442 Vet.
534 4387 843 4451 Schol.Cruq.
1422 4378 1627 4427 animum
1650 4387 1697 4421 et
1714 4373 1978 4422 felicitatem
2001 4368 2138 4427 illius,
2167 4366 2412 4415 introrsum
2433 4361 2561 4408 velut

1572 4451 1685 4505 21-
