3000 4979
850 307 1550 375 EPISTOLARUM
1600 308 1758 376 Lm.
1791 309 1844 374 1.
1883 317 1952 381 ⁴7.

2446 319 2591 381 471„

495 485 647 552 Non
672 497 781 550 est
811 498 999 570 aptus
1028 486 1209 573 equis
1242 487 1463 552 Ithace
1485 485 1687 564 loom,
1734 498 1806 550 ut
1833 506 2043 572 neque
2072 482 2279 569 planis

491 597 836 662 Porrectus
866 597 1106 682 spatiis„
1155 620 1362 685 neque
1393 597 1612 662 multae
1641 597 1953 685 prodigus
1986 595 2242 660 herbae:

493 707 747 786 Atride,
795 710 997 796 magis
1027 724 1179 794 apta
1209 711 1323 776 tibi
1357 725 1468 775 tua
1497 711 1670 776 dona
1699 709 2078 797 relinquam.

493 817 774 882 Parvum
805 840 1004 903 parva
1031 820 1301 885 decent:
1351 821 1508 884 mihi
1528 821 1663 906 jam
1696 842 1826 884 non
1859 821 2036 908 regia
2070 820 2304 898 Roma,

310 935 406 994 45
502 928 627 993 Sed
659 951 929 994 vacuum
965 930 1176 994 Tibur
1205 930 1435 1015 placet,
1484 947 1596 994 aut
1627 929 1885 995 imbelle
1916 931 2291 995 Tarentum.

249 1019 261 1025 δ
496 1039 807 1104 Strenuus
838 1052 904 1104 et
930 1038 1130 1117 fortis,
1179 1041 1509 1127 causisque
1544 1039 1910 1125 Phillippus
1941 1041 2206 1128 agendis

498 1148 752 1227 ClaruS,
799 1151 883 1215 ab
914 1151 1139 1216 officiis
1171 1165 1458 1215 octavam
1492 1152 1747 1216 circiter
1779 1152 2002 1217 horam

486 1260 666 1324 Dum
700 1259 889 1337 redit,
934 1274 1125 1347 atque
1160 1261 1330 1326 Foro
1360 1261 1629 1324 nimium
1662 1261 1897 1327 distare
1940 1262 2206 1328 Carinas

484 1369 630 1434 Jam
660 1371 924 1459 grandis
954 1388 1108 1438 natu
1140 1373 1454 1460 queritur-3
1503 1373 1859 1456 conspexit,
1906 1385 1979 1436 ut
2004 1374 2204 1451 aiunt,

314 1488 408 1544 50
500 1480 821 1546 Adrasum
852 1482 1172 1570 quendam
1206 1505 1406 1546 vacua
1437 1483 1715 1546 tonsoris
1744 1483 1812 1545 in
1844 1483 2072 1547 umbra

413 1617 435 1630 .
490 1590 773 1657 Cultello
803 1595 1101 1678 proprios
1131 1607 1510 1681 purgantem
1544 1594 1771 1659 leniter
1806 1616 2065 1681 ungues.

485 1699 782 1767 Demetri
815 1710 1003 1789 (puer
1035 1703 1140 1768 hic
1171 1727 1297 1768 non
1329 1705 1491 1770 laeve
1512 1705 1688 1789 jussa
1722 1704 2006 1790 Philippi

493 1814 902 1900 Accipiebat)
931 1816 1056 1894 abi,
1103 1839 1341 1904 quaere,
1391 1829 1454 1881 et
1485 1816 1686 1893 refer3
1732 1816 1902 1881 unde
1932 1816 2166 1892 dom03
2212 1816 2388 1903 quis;

494 1924 696 2012 Cujus
724 1925 1035 2004 fortunae3
1083 1951 1212 2015 quo
1240 1929 1322 1992 sit
1349 1945 1553 2012 patre,
1601 1949 1807 2014 quove
1835 1931 2129 2012 patrona

318 2043 400 2101 55
499 2035 580 2114 It,
629 2036 816 2115 redit,
860 2052 929 2102 et
961 2052 1198 2117 narrat,
1248 2039 1575 2103 Vulteium
1608 2039 1869 2103 nomine
1902 2037 2192 2114 Menam,

493 2145 889 2226 Praeconem,
938 2151 1114 2215 tenui
1146 2173 1360 2228 censu,
1409 2151 1546 2216 sine
1576 2150 1843 2216 crimine
1873 2162 2120 2225 notum,

355 2402 419 2446 ⁴¹
455 2387 621 2438 Ithacae
640 2392 766 2458 vulg.

283 2588 349 2631 41
376 2574 455 2622 Ἐν
474 2572 511 2623 2⁸
528 2576 696 2642 Ἰθάκῃ
718 2576 813 2625 οὔτ’
834 2578 907 2645 ἆρ’
928 2577 1070 2646 'cipue
1093 2580 1241 2646 sivein,
1260 2581 1355 2629 οὔτ’

214 2640 296 2689 ἴτ’
315 2640 490 2700 λιαρόν.
554 2644 717 2705 Odyss.
742 2650 795 2690 Δ.
816 2643 927 2704 605.

292 2706 417 2753 Beue
445 2706 680 2756 Bentleius
700 2709 854 2755 Ithace
869 2711 915 2756 in
940 2710 1253 2768 Nominativo‚
1287 2726 1357 2757 at-

217 2786 314 2833 que
352 2770 416 2819 ita
452 2772 588 2819 etiam
622 2773 697 2819 ille
733 2775 885 2822 edidit.
916 2775 967 2838 [1-
994 2777 1157 2823 Ithacae
1186 2791 1252 2823 est
1284 2774 1356 2822 vel

219 2836 390 2883 Genit.
421 2836 495 2883 vel
528 2838 684 2885 Dativ.
719 2837 805 2887 hoc
833 2856 993 2887 sensu:
1033 2841 1180 2888 Insula
1206 2842 1357 2888 ithaca

220 2916 321 2947 non
352 2900 487 2948 habet
515 2900 666 2950 locum
695 2905 822 2967 equis
853 2918 1025 2968 aptum.
1092 2908 1193 2954 Nec
1228 2906 1359 2952 aliter

221 2964 425 3013 Homer.
444 2966 478 3013 1.
499 2964 554 3029 l]

220 3167 269 3210 Δ
285 3033 492 3210 {ia-‘later
496 3032 671 3150 '51:²1'ss
666 3032 840 3150 ¹²32&ss
853 3099 929 3146 οὒκ
946 3098 1126 3161 ἕξομαι.
1196 3101 1362 3165 Odyss.

273 3195 287 3208 .
339 3174 421 3208 01.

295 3239 354 3286 45
395 3227 589 3274 Vacuum
607 3248 627 3284 ‚-
679 3230 738 3276 od
788 3244 953 3290 paucos
1004 3228 1173 3276 incolas
1225 3241 1359 3292 atque

219 3291 400 3341 otium:
436 3291 648 3353 Dilogns.
669 3294 722 3341 B.
747 3294 938 3349 Imhelle,
955 3294 1233 3350 Tarentum,
1255 3295 1360 3357 quia

220 3359 285 3406 ob
305 3370 603 3405 mercaturam
622 3358 863 3406 abundabit
887 3359 1242 3416 divitiismotum
1263 3373 1358 3407 erat

217 3424 285 3469 ob
303 3421 461 3469 luxum
479 3435 527 3471 et
544 3423 701 3471 molles
718 3423 1085 3487 effeminatosque
1108 3425 1359 3472 incolarum

216 3503 391 3535 mores.
426 3488 486 3535 Ζ.

292 3550 358 3610 46
393 3553 605 3601 Strenuus
626 3554 835 3618 erfonis,
866 3554 1020 3603 efficax
1044 3567 1088 3603 et
1111 3571 1364 3616 generosus.

291 3620 455 3665 Lucius
495 3618 706 3667 Marcius
743 3621 979 3685 Philippus
1030 3622 1278 3667 Consularis
1321 3631 1363 3668 et

224 3685 472 3733 Censorius.
500 3684 791 3732 Torrentius.
824 3686 881 3732 B.
912 3687 1108 3732 Videtur
1129 3686 1264 3733 fuisse
1289 3685 1362 3732 ille

216 3748 466 3798 ciceronis
482 3749 664 3811 aequalis
687 3763 815 3814 pater
836 3751 1038 3814 ejus‚qui
1062 3752 1248 3798 vitricus
1262 3753 1365 3798 Au-

218 3814 346 3877 gusti
368 3813 474 3861 fuit.
503 3815 567 3860 G.

294 3891 359 3940 47
394 3878 475 3927 Ab
513 3878 686 3943 qfficiae’s,·
724 3897 749 3927 a
788 3879 1074 3928 defendendis
1116 3883 1365 3929 amicorum

221 3945 375 3996 causis
396 3945 515 4007 apud
534 3945 721 3992 Forum.

294 4007 361 4070 48
400 4011 572 4058 Carina
604 4012 716 4058 locus
749 4023 813 4058 est
846 4013 907 4056 ad
936 4011 1167 4067 Tellurem,
1197 4011 1271 4057 uhu·
1301 4025 1364 4059 est

224 4077 494 4140 Pompeiana
540 4076 701 4123 donus.
733 4078 848 4123 Vet.
866 4130 869 4133 ¹
889 4075 1041 4123 Schol.
1105 4078 1167 4124 Et
1204 4076 1365 4123 domus

222 4142 369 4190 etiam
392 4141 527 4203 hujus
550 4140 761 4204 Philippi.

291 4219 361 4266 50
392 4209 621 4255 Ado-asum
635 4230 652 4264 ‚-
689 4206 1022 4254 commendatio
1044 4204 1140 4252 haee
1164 4217 1257 4252 erat
1280 4221 1365 4253 no-

222 4270 416 4319 vaculae.
450 4272 503 4320 B.
568 4274 692 4320 Puto
729 4271 916 4330 intelligi
956 4272 993 4317 iv
1037 4273 1135 4335 χρῷ
1178 4270 1368 4335 κουρίαν,

220 4348 383 4386 mum
413 4338 468 4384 ad
497 4338 644 4385 cutim
678 4352 838 4400 usque,
867 4336 985 4399 parci
1020 4336 1217 4383 hominis
1245 4337 1361 4381 indi-

216 4403 373 4463 cium,
393 4403 471 4466 qui
495 4403 639 4452 nollet
658 4419 773 4467 saepe
797 4418 1037 4451 nummum
1054 4402 1225 4450 tonsori
1243 4401 1359 4448 dare.

925 2407 990 2452 42
1023 2409 1105 2443 nec
1129 2391 1287 2441 multae
1308 2394 1457 2443 Bentl-

1617 2404 1682 2455 ⁴9
1716 2405 1874 2442 natum
1897 2393 2041 2442 Benel.
2060 2409 2119 2439 ex
2137 2390 2291 2438 duobus
2311 2389 2428 2437 codd.

1417 2581 1533 2637 vid,
1575 2594 1618 2627 1.
1652 2578 1727 2628 18.
1767 2591 1812 2639 7.
1878 2579 1988 2627 Non
2018 2578 2170 2626 omisit
2195 2576 2350 2624 hocin
2373 2573 2550 2636 parcis.

1416 2644 1691 2710 pane-267„
1712 2645 1969 2691 charactere
1982 2645 2344 2705 Theophrastus,
2358 2651 2403 2686 et
2425 2639 2556 2685 illus-

1420 2714 1556 2758 travit
1573 2711 1878 2757 Caaaubonus.
1901 2707 1912 2713 ’
1936 2712 2041 2755 Non
2067 2708 2313 2756 audiendus
2331 2717 2398 2752 est
2418 2704 2556 2749 Mat-

1419 2776 1565 2832 cilius,
1597 2776 1672 2837 qui
1700 2774 1919 2821 libertinae
1955 2773 2225 2821 conditionis
2251 2771 2339 2818 hoc
2378 2769 2550 2827 insigne

1420 2841 1555 2887 dicat.
1622 2843 1693 2887 Ne
1730 2840 1845 2886 servi
1878 2840 2057 2902 quidem
2093 2852 2278 2885 externo
2309 2836 2436 2893 signo
2462 2834 2554 2879 dis·

1422 2905 1543 2952 cerni
1589 2904 1643 2951 ab
1681 2904 1885 2964 ingenuis
1922 2913 2146 2966 poteraut.
2208 2903 2270 2948 Et
2305 2899 2554 2957 interrogat

1426 2970 1682 3032 Philippus,
1710 2989 1791 3032 quo
1805 2979 1954 3033 patre,
1978 2969 2012 3016 si
2036 2969 2289 3029 iugenuus3
2318 2981 2453 3028 quove
2468 2974 2556 3026 pa-

1423 3045 1561 3092 trono,
1588 3034 1623 3081 si
1642 3035 1894 3080 libertinus.
1925 3035 1988 3080 G.

1495 3101 1672 3156 Vacua,
1690 3099 1847 3146 otiosa.
1881 3098 1934 3145 B.
1983 3098 2104 3159 Quia
2127 3097 2172 3143 in
2195 3107 2433 3142 tonsorum
2456 3089 2557 3138 offi-

1425 3166 1549 3213 cinas
1565 3165 1769 3212 solebant
1789 3164 2029 3210 convenire
2053 3161 2258 3208 homines
2278 3158 2427 3207 otiosi.
2461 3158 2525 3204 Z.

1494 3230 1659 3278 Umbra
1680 3247 1696 3285 ,-
1729 3228 1917 3288 Pergula
1938 3228 2035 3274 haec
2058 3238 2168 3273 erat.

1487 3309 1548 3355 51
1589 3296 1795 3348 leniter,-
1832 3293 1959 3341 vacui
1982 3293 2119 3339 animi
2141 3288 2375 3337 indicium.

1491 3374 1551 3420 33
1592 3361 1662 3407 Un
1678 3362 1714 3406 le
1733 3362 1845 3405 demo
1859 3380 1877 3413 ,·
1916 3358 2151 3404 Romanus
2173 3371 2226 3402 an
2252 3354 2425 3417 hospes.

1487 3424 1553 3485 56
1591 3426 1828 3472 Praeconem
1846 3447 1862 3480 ,-
1910 3422 2044 3486 hujus
2072 3437 2238 3469 munus
2269 3431 2379 3475 erat,
2410 3416 2560 3492 inquit

1425 3491 1697 3546 Lambinus,
1717 3492 1760 3537 in
1780 3489 1974 3537 comitiis
1996 3489 2139 3536 tribus
2157 3488 2318 3534 citare:
2357 3498 2434 3547 qui
2460 3484 2560 3527 ma-¹

1427 3557 1639 3617 gistratus
1681 3556 1817 3603 creati
1862 3566 2025 3611 essent,
2056 3551 2352 3616 pronunciare
2375 3566 2387 3595 ι
2441 3548 2559 3607 leges

1426 3638 1530 3684 quae
1574 3622 1891 3677 suadebantur,
1923 3618 2247 3683 pronunciare3
2286 3615 2330 3660 in
2369 3613 2555 3676 judiciis

1426 3699 1583 3741 testes,
1613 3702 1711 3733 reos
1753 3688 1892 3733 citare
1914 3703 1926 3731 :
1973 3686 2018 3731 in
2065 3681 2365 3738 auctionibus,
2402 3693 2563 3727 rerum

1428 3753 1568 3815 pretia
1588 3751 1825 3798 declarare.
1859 3752 1916 3797 Z.
2500 3808 2510 3819 ⁸

1495 3817 1659 3863 Notum
1675 3840 1693 3872 ;
1727 3815 1774 3862 h.
1790 3832 1832 3862 e.
1853 3815 2008 3862 multis
2026 3825 2185 3861 notum
2209 3831 2222 3860 z
2257 3827 2362 3858 nam
2383 3809 2562 3858 subdis·

1429 3881 1726 3941 tinguendum
1749 3892 1861 3941 puto
1885 3893 1983 3943 post
2001 3882 2191 3926 crimine.
2257 3877 2420 3939 Neque
2435 3874 2558 3921 enim

1426 3947 1576 4009 placet
1599 3945 1789 3993 Bentleii
1819 3957 1985 3992 aarum.
2050 3945 2159 3991 Non
2193 3955 2288 3990 erat
2311 3941 2409 3990 laus
2432 3956 2560 4001 egre·

1427 4012 1516 4070 gia,
1551 4011 1798 4074 praesertim
1839 4011 1928 4057 illis
1963 4009 2256 4071 temporibus,
2295 4023 2387 4054 non
2421 4007 2559 4053 fuisse

1427 4089 1606 4124 notum.
1634 4078 1688 4124 B.
1750 4081 1817 4123 At
1840 4077 1950 4124 mihi
1973 4076 2146 4123 videtur
2164 4074 2260 4121 laus
2284 4074 2444 4130 esse,si
2462 4070 2566 4135 quis

1428 4155 1552 4189 notus
1575 4146 1630 4188 sit
1651 4145 1739 4189 sine
1761 4145 1951 4197 crimine,
1980 4142 2009 4187 i.
2031 4156 2073 4186 e.
2093 4141 2147 4186 ab
2185 4139 2439 4187 innocentia
2479 4153 2562 4199 po-

1429 4208 1521 4253 tius
1546 4207 1886 4269 nobilis‚⁸quam
1910 4206 2172 4254 nobilitatus
2193 4204 2386 4264 flagitiis,
2404 4215 2483 4250 aut
2502 4205 2562 4252 ob

1428 4272 1649 4333 ignaviam
1683 4273 1910 4319 obscurus.
1990 4273 2144 4334 ltaque
2184 4269 2329 4318 delevi
2364 4268 2558 4318 incisum

1427 4350 1529 4400 POSt
1550 4340 1736 4387 (similla
1769 4339 1831 4386 G·
