3000 4979
933 288 1468 361 CARMINUM
1521 289 1672 353 Lm.
1721 288 1838 352 IV.
1888 296 1923 351 8

508 480 663 543 Non
694 476 894 540 incisa
927 474 1091 537 notis
1124 491 1443 536 marmora
1472 466 1761 551 publicis,

508 591 636 654 Per
666 610 809 673 quae
840 585 1095 670 spiritus
1127 598 1189 647 et
1222 583 1350 645 vita
1382 578 1550 643 redit
1585 576 1769 640 bonis

349 712 416 765 15

513 700 666 763 Post
695 709 968 762 mortem
1000 693 1302 765 ducibus;
1352 710 1482 751 non
1516 686 1752 750 celeres
1783 684 1969 770 fugat,

512 810 915 894 Rejectaeque
947 820 1293 869 retrorsum
1328 797 1666 864 Annibalis
1697 795 1920 867 minae;

509 918 661 983 Non
695 917 988 982 incendia
1022 913 1429 999 Carthaginis
1462 909 1699 991 impiae,

511 1028 667 1113 Ejus
698 1030 806 1114 qui
836 1026 1080 1094 domita
1110 1044 1339 1089 nomen
1373 1021 1454 1086 ab
1486 1018 1709 1083 Africa

511 1139 829 1203 Lucratus
860 1136 1066 1211 rediit,
1101 1134 1330 1198 clarius
1362 1130 1647 1194 indicant

332 1260 423 1316 20

511 1248 788 1326 LaudeS,
821 1268 1011 1334 quam
1047 1243 1340 1308 Calabrae
1379 1238 1698 1304 Pierides:
1747 1256 1972 1320 neque,

514 1359 586 1424 Si
616 1357 855 1423 chartae
886 1356 1113 1420 sileant
1143 1351 1315 1439 quod
1346 1351 1510 1415 bene
1542 1346 1784 1421 feceris,

511 1466 883 1534 Mercedem
914 1464 1155 1531 tuleris.

1250 1459 1429 1536 Quid
1460 1459 1624 1521 foret
1658 1456 1794 1519 lliae

511 1578 955 1664 Mavortisque
985 1597 1168 1659 puer,
1200 1574 1250 1634 si
1284 1568 1681 1635 taciturnitas

510 1688 816 1754 Obstat-et
846 1686 1082 1751 meritis
1114 1683 1329 1746 invida
1368 1676 1677 1744 Romuli?

335 1807 423 1863 25
513 1798 825 1883 Ereptum
861 1798 1096 1885 Stygiis
1128 1795 1425 1858 fluctibus
1463 1790 1740 1854 AEacum

518 1909 736 1973 Virtus
766 1921 829 1973 et
859 1908 1035 1972 favm·
1066 1921 1127 1972 et
1157 1907 1379 1991 lingua
1412 1898 1769 1986 potentium

531 2139 588 2187 17
627 2126 776 2174 Totum
799 2144 973 2174 versun
996 2125 1257 2188 delerijubet
1281 2123 1425 2170 Benel.

249 2323 404 2358 tamen
457 2325 562 2358 cum
610 2311 723 2356 Vet-
772 2309 922 2357 Schol.
969 2310 1161 2370 legerem
1208 2307 1390 2352 muneris

251 2392 343 2423 non
367 2379 548 2431 teneri,
578 2376 699 2437 quod
742 2375 1011 2430 Lambinus,
1039 2372 1313 2420 Torrentius
1346 2382 1392 2416 et

252 2441 488 2504 Cruquius
533 2439 582 2486 in
628 2440 721 2487 suis
770 2440 917 2487 MSS.
968 2440 1191 2485 invenere.
1294 2434 1391 2500 [Sic

249 2507 388 2553 etiam
424 2508 496 2553 ed.
532 2507 644 2553 Zar.
690 2516 736 2552 et
785 2506 888 2554 coll.
938 2503 1064 2579 Sax3]
1152 2504 1234 2550 Est
1266 2502 1389 2549 enirn

252 2571 630 2645 Πςκσιςιαιυδι,
673 2570 765 2618 sive
809 2570 1073 2633 praeparatio
1104 2569 1309 2631 quaedam
1337 2567 1391 2612 ad

249 2636 501 2699 sequentia.
567 2635 710 2697 Quasi
744 2635 931 2694 diceret,
960 2651 1051 2683 non
1074 2636 1235 2682 audere
1256 2645 1391 2680 catte-

253 2717 330 2748 ros
349 2701 575 2763 praeconia
595 2715 778 2747 suorum
803 2717 1046 2748 munerum
1084 2701 1194 2746 adeo
1227 2699 1391 2744 decan·

251 2779 371 2823 tare,
389 2767 544 2828 quod
534 2781 627 2827 ipse
648 2766 703 2812 de
725 2781 808 2813 suo
844 2780 1029 2813 munere
1056 2765 1152 2826 jem
1189 2763 1390 2809 facturus

250 2843 341 2878 est.
408 2832 533 2878 Idem
555 2829 678 2876 enim
713 2831 850 2878 dicere
880 2833 1068 2894 pretium
1106 2829 1226 2893 quod
1259 2831 1392 2873 dicere

250 2898 418 2951 laudes,
457 2896 545 2943 hoc
588 2894 704 2942 loco-
789 2895 998 2943 Bentleio
1040 2894 1179 2954 magis
1223 2891 1390 2954 placuit

252 2960 517 3007 inusitatius
550 2963 726 3006 mneri-
771 2961 828 3007 Β.
912 2962 999 3007 Sed
1032 2975 1136 3006 cum
1168 2955 1299 3019 pleri,
1286 2972 1393 3017 sque

252 3026 333 3071 ed.
353 3025 500 3086 recepi
535 3029 696 3072 nunni
730 3025 789 3071 ob
825 3025 1137 3072 auctoritatem
1176 3022 1390 3068 librorum

254 3101 311 3136 et
344 3103 499 3135 sensus
525 3088 811 3149 elegantiam·
875 3105 982 3136 nam
1031 3091 1165 3135 dicere
1197 3097 1266 3133 est
1298 3098 1390 3132 sta-

250 3168 407 3202 tuere.
441 3153 504 3199 Z.

331 3231 392 3279 13
430 3216 619 3264 Publicus
663 3220 766 3266 netis
814 3219 964 3281 posuit
1009 3233 1089 3279 pro
1127 3215 1306 3278 publicis
1336 3216 1394 3262 Ιί-

251 3286 384 3340 seris,
413 3283 508 3331 sive
538 3284 693 3330 eit-lis.
765 3284 890 3333 Nam
938 3297 1052 3329 ποτε
1105 3280 1259 3328 Po'c’tis
1294 3294 1393 3340 pro

249 3351 397 3397 literis
417 3357 542 3396 sunt.

328 3411 391 3462 18
427 3411 615 3461 Nollem
650 3412 910 3461 Bentleius
898 3426 960 3460 xta
985 3428 1030 3461 se
1052 3411 1250 3460 turbaret
1273 3410 1395 3472 quod

257 3478 485 3530 Horatius
523 3477 787 3540 Scipionum
824 3491 922 3525 acta
945 3478 991 3525 in
1014 3492 1157 3526 unum
1177 3476 1271 3523 fere
1294 3477 1397 3522 co'e‘-

255 3543 390 3605 gerit,
409 3542 583 3591 Ροὲῐίσί
606 3544 861 3607 compendii
881 3543 1120 3591 studiosus.
1171 3542 1310 3589 Certe
1327 3538 1398 3586 vel

258 3609 448 3656 summis
470 3608 629 3656 Poe'tis
647 3607 902 3670 ejusmodi’
906 3606 1194 3680 Λνιηοςηαία
1207 3606 1303 3652 leve
1322 3606 1400 3651 ad·

257 3674 445 3720 modum
468 3684 537 3719 est
558 3673 749 3721 crimen.
795 3673 848 3719 B.
932 3675 999 3719 Ut
1021 3671 1252 3719 Bentleius
1274 3670 1395 3717 hunc

257 3752 439 3785 versum
458 3738 622 3785 adimit
644 3737 888 3794 Horatio,
878 3750 940 3784 ita
955 3747 1135 3799 propter
1150 3735 1271 3783 hunc
1294 3750 1395 3780 ver-

256 3815 538 3850 surntotam
562 3803 698 3850 Oden
721 3802 943 3864 abjudicat
966 3801 1243 3849 Harduinus.
1308 3800 1394 3847 Sed

256 3879 427 3930 praeter
584 3883 689 3914 rum
709 3866 961 3924 licentiam,
994 3868 1049 3913 ad
1081 3882 1217 3928 quam
1240 3864 1394 3911 retulit

257 3932 370 3980 olim
413 3932 532 3980 hanc
575 3931 801 3994 ιῦγχνην
838 3932 908 3982 Η.
939 3932 1205 3986 Glareanus,
1234 3942 1393 3992 ptaeter

257 3999 450 4044 incendia
472 4010 748 4054 castrorum,
785 3998 840 4043 de
878 3997 1038 4059 quibus
1055 3996 1160 4043 Liv.
1183 4007 1260 4055 30.
1279 4007 1326 4054 5.
1348 4005 1394 4040 et

258 4060 323 4120 6·
366 4063 634 4123 cogitemus,
671 4063 899 4109 neminem
935 4061 1210 4109 offensurum
1244 4059 1398 4115 fuisse,

263 4126 301 4171 si
333 4141 412 4187 pro
444 4128 536 4191 Ejn
537 4147 559 4174 e
588 4127 832 4187 legeretur,
874 4130 1092 4190 utriusque
1135 4127 1250 4171 viri.
1334 4126 1397 4171 Et

267 4190 443 4238 videtur
463 4192 565 4240 haec
586 4192 726 4239 fuisse
748 4207 896 4249 causa,
914 4207 995 4239 cur
1020 4191 1331 4253 praeterierunt
1352 4189 1398 4235 h.

261 4253 296 4300 1.
327 4255 595 4315 Lambinus,
622 4256 917 4310 Torrentius,
949 4257 1221 4304 Marcilius.
1278 4255 1398 4314 quod

266 4334 382 4366 vero
401 4320 473 4368 ina
493 4323 781 4370 distributiva
802 4323 978 4369 ratione
1000 4337 1108 4369 usus
1129 4330 1215 4375 est,
1226 4320 1321 4393 ejus
1338 4319 1398 4365 rei

260 4385 386 4435 nti·
420 4386 609 4445 videtur,
638 4389 762 4451 quod
799 4388 930 4435 unius
950 4397 1147 4442 tantum,
1166 4383 1405 4449 superioris

1513 2114 1736 2181 impendia
1754 2124 1835 2177 pro
1858 2112 2059 2159 incendia
2080 2116 2186 2176 conj.
2211 2112 2316 2158 Can.

1456 2318 1618 2364 nempe
1674 2308 1883 2356 Africani
1933 2307 2103 2364 laudes,
2152 2321 2282 2353 suum
2335 2321 2586 2369 praetonem

1458 2368 1679 2430 Ennium,
1699 2375 1974 2419 invenerant.
2044 2373 2176 2417 Facta
2222 2371 2452 2435 utriusque
2493 2377 2592 2421 Sci-

1456 2435 1601 2498 pionis
1641 2437 1842 2485 Africani
1875 2453 1966 2483 non
2005 2436 2165 2483 clarius
2204 2436 2401 2485 indicant
2440 2438 2592 2485 laudes

1453 2506 1542 2566 ejus
1588 2505 1960 2567 (uniuscujusque
2009 2501 2213 2562 illorum)
2249 2516 2383 2563 quam
2418 2505 2592 2552 Ennius

1456 2568 1622 2615 indicat
1663 2583 1706 2616 et
1744 2580 1974 2615 conservat
2014 2568 2167 2614 laudes
2189 2567 2394 2615 Africani
2421 2570 2594 2629 prioris.

1456 2633 1681 2695 Inpendia
1707 2634 2010 2697 Carthaginis,
2042 2633 2071 2678 i.
2093 2631 2261 2678 tributa
2284 2634 2396 2693 reip.
2417 2634 2483 2680 illi
2506 2636 2593 2682 im-

1456 2699 1617 2758 posita,
1674 2700 1848 2760 placere
1913 2698 2201 2756 Cuningamo
2246 2709 2291 2743 et
2344 2699 2597 2756 Sauadono,

1456 2777 1588 2823 aequo
1605 2766 1756 2810 animo
1774 2765 2010 2810 ferendum
2033 2775 2129 2819 cst3
2162 2763 2236 2808 sed
2261 2761 2396 2808 etiam
2432 2764 2536 2821 hoc,
2555 2767 2591 2812 si

1456 2829 1553 2874 aliis
1574 2844 1665 2876 nou
1688 2829 1906 2890 placeant.
1969 2827 2166 2878 Caesura
2192 2827 2236 2872 in
2261 2842 2369 2872 voce
2395 2828 2593 2877 Cartha·

1446 2895 1564 2956 ginis
1619 2893 1813 2941 insolita.
1911 2893 1996 2938 Sed
2050 2893 2151 2953 quis
2209 2892 2392 2938 damnet
2454 2909 2585 2943 rara.
2575 2894 2593 2930 Ρ

1455 2959 1611 3018 AEque
1632 2958 1858 3005 insolitam
1881 2957 2078 3003 ostendit
2101 2955 2413 3015 Cuningnmus
2429 2959 2532 3006 Car.
2547 2973 2592 3009 2.

1458 3034 1628 3080 1417.
1663 3025 1722 3071 G.

1524 3099 1582 3147 19
1618 3085 1847 3134 Nasutulo
1882 3085 2023 3132 Fabro
2055 3099 2141 3130 vox
2175 3085 2364 3131 lucratus
2407 3085 2593 3135 humilis

1458 3152 1669 3207 videtui-3
1701 3151 1788 3197 acsi
1811 3150 2000 3197 nesciret
2038 3148 2262 3196 Horatius
2299 3151 2483 3206 Latine,
2511 3155 2595 3198 Fa·

1458 3218 1537 3263 ber
1562 3217 1710 3263 sciret.
1774 3217 1922 3261 Etiam
1962 3214 2144 3273 ingenui
2181 3214 2375 3260 hominis
2415 3228 2481 3262 est
2517 3218 2593 3265 lu·

1457 3297 1615 3339 crum3
1648 3292 1843 3342 quaestus
1865 3280 2014 3325 minus
2033 3277 2226 3323 liberalis
2249 3278 2442 3327 videtur.

1525 3359 1588 3394 20
1625 3346 1827 3393 Calabra·
1882 3345 2071 3390 Pierides
2141 3341 2326 3391 ridicule
2392 3345 2599 3407 protulit,

1458 3412 1654 3473 seipsum
1689 3410 1838 3457 Ennio
1868 3411 2124 3471 adjungens.
2205 3410 2429 3473 Appulus,
2461 3413 2595 3458 Cala-

1459 3477 1552 3532 ber,
1585 3477 1743 3523 Tuscus
1775 3476 1910 3522 etiam
1948 3473 2219 3521 Proverbiali
2261 3491 2463 3522 sermone
2511 3494 2592 3538 pro

1461 3541 1879 3592 Rustico'dieebant
1913 3541 1965 3586 B.
2032 3539 2140 3585 Non
2166 3551 2327 3598 praesto
2360 3540 2476 3589 hanc
2512 3560 2593 3592 an.

1463 3607 1772 3653 notationem.
1810 3606 1893 3651 Sed
1919 3604 2119 3651 Ennium
2143 3603 2371 3651 Miserunt
2397 3608 2558 3655 Galabr
2535 3614 2595 3666 ri,

1460 3674 1607 3722 Rudae
1621 3689 1801 3736 genuere
1822 3678 1999 3718 vetuste
2023 3668 2102 3714 Sil.
2127 3681 2200 3716 12.
2223 3681 2334 3730 397·
2367 3673 2430 3717 G.

1526 3750 1583 3784 21
1621 3737 1785 3782 Feceris
1833 3751 1910 3796 per
1958 3733 2200 3793 Enallagen
2251 3750 2450 3795 persuum
2482 3740 2593 3786 dicit

1458 3818 1538 3863 pro
1557 3803 1723 3864 ficerit
1744 3800 1917 3862 aliquis.

1523 3879 1586 3915 22
1622 3866 1795 3912 Festive
1817 3868 1922 3928 quid
1938 3880 2018 3926 pro
2039 3863 2254 3925 quantula
2296 3864 2397 3914 res?
2465 3868 2592 3929 Quid

1458 3933 1576 3977 enim
1602 3930 1828 3979 Romulus
1852 3931 1936 3978 nisi
1958 3942 2106 3990 pastor
2136 3942 2180 3975 ct
2213 3930 2343 3984 latro,
2366 3933 2450 3979 nisi
2471 3935 2594 3981 foret

1457 4013 1538 4059 per
1561 3993 1758 4042 Ροέἑῑειςὲ

1525 4074 1587 4117 24
1619 4061 1801 4117 lavian,
1835 4061 1922 4106 hoc
1946 4060 2082 4106 donat
2108 4058 2309 4107 Romulo
2330 4062 2388 4108 ob
2409 4063 2595 4110 celebri-

1459 4138 1597 4173 tatem
1622 4125 1774 4172 famae.

1528 4190 1589 4240 26
1624 4191 1809 4251 Proprie
1832 4167 2139 4250 plaudentium
2153 4193 2218 4252 f‘
2222 4210 2301 4237 vor
2323 4205 2406 4249 est,
2426 4193 2471 4238 in
2495 4194 2596 4240 the·

1464 4267 1564 4303 atro
1583 4255 1784 4303 scilicet.
1822 4255 1891 4304 vel
1929 4254 2064 4302 etiam
2104 4256 2420 4304 adorantium
2409 4274 2455 4304 in
2478 4270 2595 4305 tem

1463 4322 1561 4388 plis.
