3000 4979
419 376 545 441 172

679 538 1027 608 Caementis
1056 538 1208 606 licet
1236 559 1512 627 occupes

1120 365 1208 443 Q.
1258 360 1681 431 HORATII
1729 360 2077 430 FLACCI

759 652 1174 740 Tyrrhenum
1204 674 1396 717 omne
1424 652 1551 717 tuis
1580 663 1645 718 et
1674 674 1853 718 mare
1883 650 2260 739 Apulicum,

500 776 540 834 5
676 764 747 832 Si
777 763 919 851 figit
948 763 1396 830 adamantinos

766 878 1046 943 Summis
1074 878 1418 944 verticibus
1448 879 1593 944 dira
1621 878 1978 944 Necessitas

671 991 927 1070 Clavos,
958 1013 1091 1056 non
1119 992 1403 1057 animum
1434 1006 1631 1070 metu,

750 1103 905 1170 Non
934 1105 1159 1169 mortis
1190 1104 1430 1192 laqueis
1461 1105 1767 1191 expedies
1801 1113 2016 1190 caput.

670 1212 1076 1300 Campestres
1104 1216 1328 1282 melius
1358 1217 1619 1302 Scythae

502 1338 581 1394 10

668 1437 934 1516 VIVunt,
980 1451 1047 1505 et
1074 1440 1267 1529 rigidi
1301 1441 1512 1520 Getae,

760 1325 1088 1425 (Quorum
1117 1328 1400 1413 plaustra
1432 1352 1628 1417 vagas
1661 1329 1781 1394 rite
1810 1326 2076 1393 trabunt
2104 1327 2362 1410 domos)

758 1549 1099 1618 Immetata
1127 1554 1355 1640 quibus
1375 1555 1611 1643 jugera
1637 1553 1875 1617 liberas

667 1662 912 1752 Fruges
942 1677 1009 1730 et
1040 1663 1344 1732 Cererem
1376 1665 1610 1744 ferunt,

757 1777 897 1843 Nec
926 1777 1175 1843 cultura
1201 1777 1415 1863 placet
1444 1777 1701 1867 longior
1730 1801 1982 1853 annua3

500 1897 578 1954 15
666 1890 1191 1978 Defunctumque
1222 1890 1551 1955 laboribus

760 2000 1030 2088 AEquali
1059 2014 1307 2067 recreat
1336 2015 1510 2068 sorte
1539 2003 1832 2067 vicarius.

669 2109 815 2175 Illic
845 2124 1048 2178 matre
1071 2114 1437 2180 carentibus

757 2223 1078 2313 Privignis
1106 2226 1338 2292 mulier
1366 2238 1682 2315 temperat
1709 2226 2052 2292 innocens:

404 2438 440 2483 4
472 2422 724 2488 Apulicum
760 2426 893 2473 etiam
912 2444 969 2475 ex
1010 2427 1173 2476 MSS.
1191 2429 1374 2478 Lumbi.
1405 2429 1556 2477 Bentl.
1603 2430 1711 2478 Can.
1793 2428 2023 2478 Punicum
2045 2430 2069 2476 1
2120 2432 2151 2474 ’t
2180 2428 2344 2475 Laudi.
2408 2425 2656 2474 Ponticum
2680 2426 2759 2472 al.

466 2503 499 2550 5
534 2491 628 2537 Pro
649 2491 697 2538 Si
724 2492 862 2539 Bentl.
881 2496 989 2558 conj.
1015 2494 1106 2552 Sic,
1124 2503 1167 2541 et
1181 2498 1461 2557 parenthesin
1474 2498 1605 2560 facit
1626 2494 1934 2561 (Sic-clavos.)

466 2557 568 2603 eliu
587 2557 698 2620 legit
720 2554 855 2605 Schol.
878 2559 1105 2623 Porphyr.
1169 2561 1234 2608 Z.

467 2740 498 2789 3
537 2727 755 2777 Ceu-eneis
767 2745 786 2785 ‚²
840 2727 973 2778 Saxis
1006 2730 1073 2778 ad
1089 2729 1401 2794 fabricandum

402 2795 534 2840 visis.
566 2795 679 2840 Vct.
701 2793 853 2841 Schol.
886 2795 1076 2858 Proprie
1104 2796 1315 2843 Caementa
1336 2796 1538 2859 lapidum

1428 2743 1540 2797 pro·

2129 2495 2242 2542 dura
2281 2493 2390 2557 σού.
2425 2493 2574 2540 Bentl.
2604 2505 2649 2538 et
2680 2494 2752 2538 εἰς

1665 2729 1697 2780 6
1732 2732 2044 2780 Necessitatem
2065 2730 2135 2777 hfc
2145 2739 2229 2794 pro
2249 2736 2379 2776 morte
2392 2728 2552 2791 posuit.
2627 2726 2750 2773 Vet-

1603 2796 1755 2844 Schol.
1821 2812 1956 2858 quam
1984 2795 2125 2843 clavis
2150 2806 2197 2841 et
2227 2793 2381 2841 cuneis
2417 2802 2638 2838 armatam
2661 2806 2749 2836 ve-

400 2856 653 2933 frqgmenta
704 2858 934 2918 dicuntur,
968 2860 1185 2923 jaciendis
1226 2862 1540 2909 fundamentis
1604 2873 1726 2909 teres
1743 2862 1989 2909 finxerunt.

402 2923 547 2970 utilia.

471 2988 660 3052 Occupat
687 2987 765 3053 qui
786 3000 937 3038 totum
959 2989 1006 3036 in
1047 3006 1177 3038 usum
1212 3006 1346 3039 suum
1380 2991 1536 3050 vertit,

402 3068 550 3116 neque
567 3055 807 3117 quicquam
828 3055 924 3102 aliis
945 3055 1181 3118 relinquit.

465 3131 501 3176 4
531 3118 697 3166 Trium
727 3119 947 3168 Torrenti
984 3121 1129 3168 MSS.
1160 3122 1431 3170 auctoritate
1461 3122 1539 3168 ad-

399 3183 565 3231 ductus
601 3184 834 3248 Apulia-um
878 3187 1077 3249 reposui,
1122 3202 1227 3234 curn
1261 3188 1336 3235 alii
1384 3187 1535 3246 legant

402 3249 631 3305 Punicum,
682 3248 760 3296 alii
791 3250 1034 3309 Public-um,
1081 3251 1157 3298 alii
1191 3251 1330 3299 etiam
1379 3252 1536 3299 Ponti-

399 3332 509 3362 cum.

463 3392 496 3439 5
534 3378 643 3426 Hoc
664 3388 746 3436 est,
779 3379 827 3426 Si
857 3392 1009 3427 tamen
1041 3395 1198 3427 verum
1232 3392 1300 3429 est
1331 3379 1533 3428 morien-

401 3445 510 3492 dum
536 3443 620 3492 tibi
650 3460 744 3491 esse
766 3460 911 3507 neque
932 3444 1135 3504 ingentes
1153 3462 1256 3507 opes
1286 3446 1532 3508 quicquam

398 3510 613 3557 valituras
649 3510 858 3557 adversus
886 3509 1051 3556 fatum.
1113 3511 1238 3557 Mite
1269 3527 1315 3557 se
1348 3522 1532 3573 torquet

402 3573 635 3621 Bentleius
666 3585 719 3621 ut
750 3574 944 3636 aliquem
977 3574 1126 3621 eliciat
1174 3590 1375 3631 sensum,
1423 3590 1529 3621 cum

400 3637 559 3684 omnia
589 3650 742 3685 tamen
776 3639 866 3686 sint
899 3640 1042 3703 plana.
1127 3639 1351 3702 Displicet
1382 3641 1530 3686 eidem

397 3702 579 3750 erudito
600 3703 698 3751 viro
719 3703 965 3767 Epitheton
986 3707 1103 3761 dira,
1138 3715 1185 3751 et
1211 3708 1265 3751 de
1295 3721 1377 3753 suo
1398 3720 1532 3767 repo-

398 3768 471 3814 nit
491 3768 606 3815 dura
622 3787 639 3815 .-
674 3784 779 3815 cum
808 3780 961 3816 tamen
983 3769 1058 3815 ills
1080 3768 1300 3817 efficacior
1321 3785 1407 3817 vox
1435 3771 1523 3817 sitt

398 3844 535 3894 atque
600 3832 687 3879 hoc
735 3834 845 3881 facit
904 3833 1251 3882 reclamantibus
1305 3836 1529 3882 omnibus.

399 3898 537 3944 Certe
559 3911 682 3944 mors
702 3898 1009 3961 praedivitibus
1020 3901 1121 3946 dira
1142 3915 1211 3946 res
1232 3911 1298 3947 est
1321 3916 1446 3962 aeque
1476 3915 1527 3946 ac

395 3963 522 4008 dura.
586 3963 764 4010 Verum
781 3967 947 4027 Iatque
961 3983 988 4010 u
1004 3965 1132 4011 suere
1148 3965 1256 4011 olim
1274 3965 1529 4027 ὅμοιὸφωιι,

396 4042 501 4090 quae
532 4037 683 4089 potest
713 4044 808 4076 esse
838 4030 1001 4077 erroris
1032 4045 1176 4077 causa.
1209 4031 1262 4077 B.
1327 4031 1466 4078 Cous.
1484 4044 1529 4078 1.

395 4104 476 4152 35.
500 4104 576 4152 17.
596 4107 692 4155 sqq.
758 4094 916 4141 Verbo
938 4095 975 4142 si
996 4095 1165 4142 nullius
1193 4105 1372 4142 tantum
1407 4094 1531 4142 fasti-

393 4158 520 4218 gium
540 4167 623 4212 est,
638 4160 757 4219 quod
771 4158 868 4205 fato
890 4159 1019 4206 illum
1039 4159 1222 4207 eximat.
1255 4162 1317 4206 G.
1365 4159 1530 4225 Qan-

394 4221 638 4284 doquidem
661 4221 819 4270 invicti
836 4223 921 4270 fati
944 4224 1178 4272 necessitas
1197 4235 1316 4271 arcte
1337 4235 1463 4271 tenet
1481 4225 1529 4271 in

392 4301 474 4335 sua
497 4298 716 4349 potestate
737 4288 953 4351 quicquid
974 4288 1044 4336 vel
1064 4291 1113 4336 in
1128 4305 1308 4336 summo
1328 4289 1528 4353 positum

390 4362 460 4399 est
480 4351 674 4413 fastigio.
708 4353 772 4400 Z.
1006 4403 1009 4408 ⁴

458 4417 676 4481 Superius
706 4413 969 4466 monuimus
998 4419 1237 4467 adamanta
1264 4419 1402 4468 etiam
1440 4420 1530 4468 du·

392 4493 541 4533 ratum
556 4483 730 4534 ferrum
752 4483 1025 4549 appellatum
1048 4485 1201 4535 fuisse.
1231 4487 1298 4536 V.
1312 4499 1358 4536 1.
1377 4483 1425 4536 6.
1449 4498 1528 4547 13.

1665 2925 1694 2974 8
1728 2928 1851 2973 Bene
1870 2925 2059 2988 subjecit
2080 2935 2232 2988 caput,
2249 2938 2353 2972 cum
2371 2923 2466 2985 jum
2490 2920 2764 2978 Veres'eibue-

1599 2992 1816 3054 posuerit,
1852 2990 2013 3055 quibus
2049 2990 2293 3036 Necessitas
2331 2988 2479 3036 clavos
2499 3002 2606 3034 suos
2633 2986 2747 3032 nde·

1600 3068 1755 3117 geratz
1815 3057 1938 3103 Bene
1994 3055 2134 3102 etiam
2167 3056 2328 3118 laqueis
2370 3055 2581 3117 expedies,
2611 3066 2665 3098 ac
2703 3050 2743 3098 si

1603 3136 1725 3169 mors
1742 3137 1824 3176 nos
1849 3137 1904 3169 ex
1927 3119 2100 3167 insidiis
2118 3118 2380 3176 invaderem
2412 3115 2698 3180 Metnphora
2714 3132 2745 3162 a

1597 3199 1861 3235 venatorum
1884 3187 2054 3233 retibus
2072 3186 2294 3232 desumta.

1664 3265 1696 3315 9
1735 3253 2035 3315 Campestres-‚-
2071 3251 2207 3316 Qud
2242 3252 2285 3296 in
2305 3250 2468 3312 campis
2497 3247 2590 3294 sine
2608 3247 2738 3294 tectis

1600 3322 1782 3366 vivant.
1813 3319 1925 3363 Vet.
1947 3315 2099 3363 Schol.
2134 3315 2226 3361 sive
2248 3318 2370 3377 quod
2392 3313 2641 3360 silvestrem
2666 3326 2744 3357 re-

1596 3383 1775 3444 gionem
1814 3381 2025 3429 incolant.
2079 3379 2136 3426 B.
2215 3381 2402 3436 Melius,
2431 3376 2746 3426 innocentius.

1598 3449 1720 3496 Nam
1746 3447 1937 3493 refertur
1959 3447 2012 3491 nd
2035 3443 2280 3505 sequentia.
2314 3445 2376 3490 Z.

1664 3525 1725 3560 ιο
1760 3512 2067 3558 Hamaxobios
2090 3509 2315 3557 describit.
2348 3511 2411 3556 G.

1662 3590 1720 3625 11
1755 3577 1914 3640 Rigidi
1952 3578 2108 3631 θείας
2152 3574 2346 3640 Propter
2383 3573 2558 3637 frigora
2595 3573 2745 3636 regio·

1592 3661 1707 3688 nunu.
1739 3642 1852 3688 Vet.
1870 3640 2022 3688 Schol.

1661 3719 1723 3754 η
1757 3706 1963 3765 Liberas,
2007 3721 2109 3769 quae
2157 3705 2323 3752 cedunt
2354 3703 2402 3750 in
2434 3716 2569 3750 usum
2604 3715 2740 3748 com-

1592 3786 1794 3818 munem.
1827 3773 1891 3818 Z.

1660 3850 1723 3893 14
1755 3837 1955 3894 Annua3
1996 3836 2209 3883 Gontiana
2242 3835 2346 3881 sedis
2388 3835 2555 3881 incerti.
2623 3834 2746 3880 Vct.

1595 3901 1746 3948 Schol.

1663 3979 1720 4025 15
1756 3963 2041 4029 &sancum
2056 3966 2301 4012 liberatum.
2330 3966 2443 4011 Vct.
2459 3963 2614 4010 Schol.

1661 4029 1721 4079 16
1761 4033 1811 4078 V
1809 4036 1965 4079 icarius
1989 4031 2101 4078 servi
2120 4045 2274 4077 servus
2294 4041 2378 4076 est·
2448 4029 2500 4076 V
2495 4031 2597 4075 icen
2611 4027 2740 4075 tabo-

1593 4100 1721 4144 rande'
1771 4099 1885 4143 inter
1928 4114 1974 4143 se
2015 4105 2229 4160 prestare
2282 4094 2495 4143 barbares
2541 4093 2743 4141 ostendit.

1593 4163 1706 4208 Vet.
1730 4160 1881 4208 Schol.
1913 4162 1970 4207 B.
2040 4163 2247 4208 Vican'us
2280 4160 2328 4207 h.
2365 4159 2397 4206 l.
2427 4170 2496 4206 est
2518 4158 2597 4220 qui
2636 4158 2739 4220 pari

1594 4226 1871 4282 conditione,
1890 4226 2048 4273 eodem
2071 4241 2177 4285 agro
2198 4225 2408 4281 colendo,
2439 4224 2640 4270 succedit
2676 4223 2741 4280 ei,

1595 4291 1673 4354 qui
1726 4290 1834 4337 ridie
1853 4290 2082 4337 laboravit.
2118 4293 2181 4338 Z.

1660 4369 1684 4402 1
1759 4356 1983 4421 Temperat
1998 4373 2018 4413 ‚-
2047 4359 2201 4420 pocula
2235 4363 2389 4419 parat.
2441 4353 2538 4400 Vct
2578 4351 2739 4400 Schol.

1592 4420 1648 4467 B.
1714 4420 1842 4467 Bona
1878 4432 2000 4468 certa
2015 4420 2264 4469 sententia:
2302 4432 2489 4467 noverca
2512 4418 2736 4465 innocens

1591 4495 1802 4551 temperat
1821 4484 1982 4548 pocula
1999 4487 2068 4535 vel
2100 4486 2321 4586 ordinaria
2343 4484 2414 4533 vel
2443 4483 2615 4530 medica
2629 4486 2735 4547 pri-
