3000 4979
1119 794 1236 858 W.
1286 790 1713 858 BAXTERI

689 1063 1301 1141 JUDICIUM
1354 1064 1510 1141 DE
1567 1060 2134 1141 HORATIO

1318 1361 1503 1401 A'rQuss

1064 1596 1271 1695 EJU§
1337 1594 1738 1657 SCRIPTIS.

249 1900 358 1971 DE
384 1900 652 1968 Horatii
669 1911 861 1990 gente
876 1890 1036 1965 nihil
1059 1913 1330 1980 constat,
1346 1901 1470 1966 nisi
1495 1901 1688 1968 fuisse
1713 1920 1858 1966 eum
1883 1898 2057 1986 quod
2083 1913 2147 1966 et
2165 1900 2300 1987 ipse
2317 1899 2556 1987 prodit,

242 2009 562 2083 Libertini
585 2010 841 2099 generis
862 2022 928 2077 et
950 2012 1157 2098 patria
1188 2012 1619 2089 Venusinum3
1653 2010 2039 2077 crediderim
2063 2012 2253 2077 etiam
2276 2027 2340 2077 et
2361 2009 2558 2077 domo

234 2119 578 2198 Graecum,
634 2121 809 2209 quod
855 2144 1169 2209 nusquam
1206 2123 1507 2188 Romano
1554 2144 1732 2187 more
1762 2123 1827 2185 in
1863 2119 2201 2186 Graeculos
2231 2118 2555 2197 desaeviat,

228 2231 366 2294 imo
396 2230 796 2318 quandoque
825 2253 936 2295 eos
965 2232 1306 2309 collaudet,
1340 2246 1405 2298 et
1424 2231 1526 2297 vel
1559 2232 1874 2297 Romanis
1906 2231 2037 2295 suis
2069 2229 2398 2296 anteferat.
2435 2217 2553 2294 ‘De

231 2341 498 2427 scriptis
552 2341 688 2427 ejus
735 2342 1312 2427 impraesentiarum
1361 2342 1503 2407 haec
1548 2342 1805 2407 habeto.
1897 2342 2149 2431 Omnes
2191 2344 2298 2431 qui
2348 2339 2557 2407 Musis

230 2450 427 2516 litare
480 2450 766 2528 student,
812 2474 928 2517 sua
974 2451 1167 2518 mella
1216 2475 1256 2518 e
1304 2465 1590 2518 veterum
1622 2452 1878 2538 scriptis
1911 2473 2257 2539 excerpere
2301 2451 2554 2520 debent.

228 2561 441 2628 Maro
472 2562 673 2650 igitur
715 2575 781 2628 et
827 2563 1098 2628 Flaccus
1128 2576 1368 2641 noster,
1417 2565 1530 2652 qui
1569 2563 1695 2630 hoc
1726 2563 1956 2640 fecere,
2002 2585 2124 2648 pro
2155 2563 2405 2628 liberali
2439 2586 2556 2628 suo

230 2671 529 2761 ingenie,
563 2671 733 2768 furta
762 2695 876 2737 sua
899 2674 1112 2759 palam
1141 2673 1410 2761 professi
1434 2688 1605 2756 sunt,
1652 2676 1808 2741 dum
1842 2675 2088 2741 imitata
2118 2698 2231 2742 sua
2261 2661 2560 2762 poemata

232 2783 523 2873 Eclogas
554 2786 968 2871 inscripsere:
1811 2768 1816 2774 .

931 3023 1072 3106 Ego
1101 3023 1239 3106 apis
1269 3020 1542 3086 Matinae

1125 3128 1213 3196 M
1210 3155 1314 3196 ore
1341 3135 1627 3217 modoque

780 3242 991 3308 Grata
1021 3246 1328 3327 carpentis
1357 3247 1560 3329 thyma
1579 3267 1700 3328 per
1728 3243 1989 3312 laborem

596 3431 601 3436 ,
722 3425 731 3432 ‚
774 3355 1134 3432 Plurimum,
1181 3357 1344 3420 circa
1377 3377 1596 3434 nemus,
1643 3356 1928 3441 uvidique

782 3465 1028 3532 Tiburis
1056 3470 1250 3551 ripas,
1298 3491 1552 3551 operosa
1573 3492 1807 3554 parvus

1118 3581 1411 3649 Carmina
1414 3582 1622 3666 fingo·

227 3818 463 3901 Atque
511 3812 669 3879 hinc
698 3811 934 3878 factum
975 3825 1089 3890 est,
1141 3812 1313 3900 quod
1345 3834 1427 3877 ex
1457 3835 1537 3877 eo
1568 3825 1861 3900 tempore
1893 3817 2135 3902 quaevis
2166 3817 2384 3883 brevia
2406 3842 2562 3907 poe-

224 3925 458 4001 matia,
532 3935 798 3988 auctore
858 3922 1094 3989 Vetere
1156 3923 1540 4010 Interprete,
1608 3924 1876 4011 Eclogae
1936 3924 2337 3992 dicerentur:
2414 3953 2562 3994 cum

226 4035 508 4121 proprie
580 4032 828 4120 Ecloga
877 4032 1216 4104 Ἀνθολογιά
1267 4033 1368 4109 sit,
1439 4034 1571 4096 sive
1630 4033 1859 4096 florum
1917 4033 2222 4114 delectuS,
2281 4038 2565 4125 pictusve

234 4143 609 4221 fasciculus,
646 4156 718 4208 ut
749 4142 846 4208 vel
880 4141 963 4207 ad
994 4141 1389 4207 Tonantium
1422 4143 1743 4230 siguificat
1785 4144 2215 4228 Apollinaris:
2393 4135 2400 4144 ⁴

784 4376 1060 4440 Vernaus
1076 4398 1197 4458 per
1226 4377 1392 4440 varii
1417 4378 1710 4441 carminis
1739 4380 2000 4464 Eclogas

787 4486 1112 4551 Verborum
1146 4489 1322 4552 violis
1354 4488 1838 4552 multicoloribus.
