3000 4979
482 363 628 425 *470

1192 349 1277 426 Q.
1328 343 1748 414 HORATII
1813 344 2158 411 FLACCI
2201 345 2210 350 ’

759 528 1052 615 Dignum
1086 511 1406 610 praestabo
1437 546 1542 587 me
1572 524 1762 587 etiam
1796 545 1917 607 pro
1947 522 2138 586 laude
2170 525 2484 589 merentis·

579 648 665 709 25
760 638 960 716 Quod
991 636 1044 701 si
1074 658 1178 699 me
1207 634 1388 699 noles
1420 656 1689 719 usquam
1722 631 2072 707 discedere,
2108 633 2337 698 reddes

761 749 956 814 Forte
986 746 1173 825 latus,
1206 746 1427 833 nigros
1462 758 1732 832 angusta
1762 743 1972 807 fronte
2002 743 2310 828 capillos3

753 858 1012 925 Reddes
1041 856 1228 921 dulce
1258 856 1465 942 loqui3
1527 853 1757 918 reddes
1788 852 2002 917 ridere
2032 853 2361 930 decorum,
2395 869 2459 918 et

753 969 935 1034 Inter
963 969 1112 1032 vina
1140 967 1360 1054 fugam
1394 966 1675 1053 Cynarae
1706 986 1976 1029 moerere
2006 977 2347 1049 protervae.

764 1078 962 1143 Forte
992 1100 1109 1164 per
1138 1090 1475 1165 angustam
1508 1076 1721 1141 tenuis
1752 1076 2042 1140 nitedula
2072 1077 2303 1139 rimam

584 1199 670 1256 30

762 1189 1081 1275 Repserat
1111 1189 1176 1251 in
1210 1209 1533 1251 cumeram
1563 1186 1907 1263 frumenti3
1956 1200 2269 1272 pastaque
2300 1208 2519 1252 rursus

760 1298 867 1364 Ire
898 1298 1068 1363 foras
1099 1299 1292 1383 pleno
1323 1297 1630 1362 tendebat
1660 1319 1930 1383 corpore
1961 1296 2231 1362 frustra:

756 1408 884 1474 cui
917 1410 1184 1474 mustela
1213 1408 1464 1494 procul,
1500 1408 1570 1473 Si
1603 1407 1718 1484 viS,
1753 1408 1861 1484 ait,
1896 1407 2176 1494 effugere
2207 1408 2415 1484 istinc,

758 1519 991 1586 Macra
1021 1542 1247 1584 cavum
1278 1531 1527 1605 repetes
1558 1532 1830 1592 arctum,
1865 1540 2051 1604 quem
2086 1540 2299 1583 macra
2329 1517 2566 1581 subisti.

761 1630 916 1696 Hac
944 1653 1065 1718 ego
1093 1631 1145 1693 si
1176 1629 1530 1715 compellor
1559 1628 1862 1716 imagine,
1898 1641 2128 1692 cuncta
2158 1628 2454 1715 resigno:

583 1752 667 1809 35
759 1742 900 1808 Nec
930 1762 1226 1805 somnum
1258 1740 1461 1825 plebis
1493 1739 1711 1816 laudo,
1745 1753 1921 1803 satur
1952 1738 2244 1815 altilium,
2280 1759 2401 1805 nec

758 1851 915 1916 Otia
943 1850 1182 1915 divitiis
1219 1851 1512 1915 Arabum
1541 1849 1874 1917 liberrima
1905 1864 2109 1914 muto,

754 1962 943 2047 Saepe
971 1960 1406 2026 verecundum
1437 1961 1708 2058 laudasti
1725 1984 1742 2037 3
1795 1982 2033 2046 rexque
2063 1971 2373 2047 paterque

753 2072 1016 2138 Audisti
1047 2094 1260 2138 coram
1288 2098 1304 2149 ;
1353 2097 1473 2139 nec
1503 2074 1701 2138 verbo
1728 2073 1985 2158 parcius
2017 2072 2282 2137 absens:

761 2184 1035 2269 Inspice,
1070 2184 1123 2247 si
1155 2206 1413 2268 possum
1446 2182 1684 2247 donata
1714 2205 2028 2268 reponere
2060 2182 2263 2247 laetuS.

542 2310 551 2318 '
586 2304 676 2363 40
767 2293 974 2360 Haud
1005 2294 1172 2359 male
1206 2293 1655 2373 TelemachuS,
1692 2294 1906 2380 proles
1936 2294 2236 2380 patientis
2271 2291 2576 2380 Ulysse13

878 2563 946 2612 30
976 2565 1197 2601 cameram
1220 2555 1325 2618 conj.
1349 2552 1463 2600 Dae.
1483 2551 1729 2616 infilae‘ct‘ter.

560 2776 624 2822 24
661 2762 751 2810 Pro
769 2762 895 2810 laude
913 2778 931 2819 ,·
964 2777 1044 2824 pro
1065 2763 1247 2810 merito.
1281 2764 1336 2811 B.
1415 2764 1491 2811 Ob
1513 2764 1629 2813 hanc

490 2829 633 2895 ipsam
656 2843 836 2890 quoque
859 2843 1039 2875 eausam
1077 2828 1264 2888 dignum
1301 2846 1373 2876 me
1409 2831 1630 2891 praestabo

491 2894 719 2943 beneficiis
740 2893 847 2948 tuis,
866 2893 1122 2950 Maecenas,
1143 2906 1194 2939 ut
1218 2906 1268 2940 tu
1289 2894 1481 2942 lauderis
1493 2896 1630 2955 digno

494 2961 721 3010 tribuisse.
808 2959 900 3005 Pro
938 2958 1011 3006 hic
1046 2959 1231 3021 ponitur
1268 2972 1319 3006 ut
1354 2961 1494 3006 Lucr.
1515 2975 1564 3019 5.
1588 2972 1632 3008 2.

493 3028 602 3089 Quis
619 3026 733 3090 potis
758 3033 821 3071 est
843 3024 1019 3087 dignum
1038 3026 1222 3087 pollenti
1254 3036 1425 3088 pectore
1460 3043 1630 3073 carmen

494 3092 686 3139 Condere
710 3100 797 3154 pro
828 3107 975 3136 reu-un
1007 3092 1249 3161 majestate,
1286 3090 1315 3136 ἰ.
1334 3090 1463 3151 quale
1488 3092 1632 3153 poscit

496 3157 702 3218 majestas
722 3170 869 3201 rerum
889 3171 901 3199 ε
938 3154 1003 3201 ita
1025 3153 1098 3201 lnc
1120 3155 1298 3216 qualem
1324 3157 1510 3217 requirit
1533 3157 1628 3202 laus

492 3223 608 3270 bene
646 3222 700 3268 de
739 3235 812 3267 me
841 3219 1068 3267 merentis.
1136 3220 1255 3267 Haec
1292 3236 1414 3267 nunc
1450 3221 1628 3281 placent

493 3304 577 3352 pro
597 3286 760 3333 Tmesi
775 3288 1075 3349 promerentis,
1100 3296 1147 3333 et
1178 3301 1272 3348 prae
1293 3289 1628 3334 constructione

491 3356 665 3418 dignam
680 3362 763 3415 pro
783 3350 920 3397 laude.
952 3353 1016 3397 G.

562 3430 623 3477 25
658 3416 922 3470 Discedere,
937 3415 1032 3463 scil.
1052 3432 1076 3463 a
1097 3427 1143 3462 te
1166 3430 1259 3472 rus,
1281 3415 1419 3462 animi
1442 3427 1489 3463 et
1511 3415 1632 3463 vale·

498 3482 667 3532 tudinis
690 3481 846 3543 gratia.
880 3481 943 3527 Z.

563 3547 627 3599 26
662 3550 791 3595 Forte
813 3547 948 3601 latus,
965 3544 1014 3592 h.
1034 3561 1075 3592 e.
1094 3544 1302 3607 spiritum
1325 3558 1370 3591 et
1393 3545 1632 3593 incessum.

497 3616 551 3662 B.
616 3615 828 3677 Angusta
844 3611 1017 3675 fronte,
1051 3628 1074 3656 a
1115 3609 1269 3658 multis
1307 3610 1476 3670 capillis
1498 3621 1637 3670 tecta,

495 3679 880 3743 quemadmodum
900 3689 969 3724 est
991 3676 1037 3723 in
1064 3677 1321 3738 juventute.
1358 3677 1415 3722 Z.

564 3743 626 3792 28
662 3744 859 3806 Fugame
896 3743 1001 3805 quia
1025 3757 1070 3789 se
1094 3742 1365 3789 subduxerat
1385 3741 1525 3788 ebrio.
1581 3742 1634 3788 B.

496 3809 716 3858 Fortassis
752 3808 849 3855 haec
890 3821 957 3854 res
993 3809 1109 3869 apud
1150 3808 1454 3853 Maecenatem
1478 3807 1627 3867 ipsum

490 3875 727 3930 acciderat,
749 3872 886 3935 ipsius
904 3872 1179 3920 Maecenatis
1198 3871 1400 3919 consilio.
1436 3873 1498 3918 Z.

562 3951 625 4000 29
660 3939 795 3985 Patet
813 3953 867 3984 ex
890 3938 1044 3984 Sancti
1063 3937 1335 3999 Hieronymi
1356 3936 1556 3998 Epistola
1572 3939 1627 3983 ad

494 4004 725 4053 salvinam
745 4002 977 4049 bestiolam
998 4001 1129 4050 istam
1147 4017 1287 4061 genus
1306 4001 1443 4049 fuisse
1473 4004 1628 4048 muris.

492 4072 561 4118 lta
578 4067 700 4115 enim
724 4067 943 4115 Decerius
966 4067 1240 4130 Hieronymi
1263 4068 1437 4123 verbis;
1467 4071 1499 4096 ‘⁴
1527 4067 1629 4114 Do.

481 4140 517 4166 ‘⁶
542 4145 616 4184 cet
653 4132 819 4194 AEsopi
851 4131 1003 4179 fabula
1039 4132 1223 4194 plenum
1256 4132 1396 4178 muris
1417 4143 1625 4179 ventrem

489 4205 525 4232 ⁶⁸
550 4214 630 4263 per
663 4208 901 4257 angustum
925 4198 1131 4245 foramen
1151 4197 1296 4257 egredi
1320 4212 1411 4244 non
1436 4196 1628 4244 valere.”

486 4262 850 4314 Rescribendum
872 4263 1009 4323 igitur
1047 4279 1150 4311 cum
1188 4262 1398 4309 Bentleio
1434 4264 1625 4309 nitedula

488 4348 573 4397 pro
616 4328 860 4392 vulpecula.
943 4329 1056 4375 Erat
1096 4341 1251 4376 autem
1287 4329 1493 4382 nitedula,
1534 4329 1626 4375 sive

487 4397 642 4451 nitela,
662 4393 838 4439 Graeeis
860 4394 944 4452 μῦς
974 4394 1212 4459 dementes,
1230 4408 1365 4454 quern
1388 4393 1523 4452 vulgo
1546 4409 1626 4441 vo-

484 4464 649 4514 cabant
665 4454 1111 4522 Astgossqia-nrffiuod
1128 4459 1370 4506 ostendunt
1387 4458 1625 4505 Philoxeni

1858 2564 1924 2611 34
1956 2551 2199 2616 compellar
2219 2552 2312 2600 edd.
2332 2560 2449 2600 vett.

1696 2765 1889 2813 Glossae.
1953 2764 2106 2812 Moris
2136 2764 2287 2812 fuerat
2325 2761 2552 2811 Librariis
2582 2763 2708 2810 etiam
2727 2776 2801 2810 eor·

1694 2846 1902 2892 rumpere
1925 2846 2026 2892 quae
2050 2846 2140 2876 non
2165 2828 2369 2875 valebant
2394 2829 2664 2889 intelligere.
2708 2828 2798 2874 Vi&

1694 2896 2045 2943 eruditissimum
2076 2894 2453 2954 Cuningamiurn.

1760 2973 1826 3021 30
1863 2962 2044 3008 camera
2068 2963 2195 3006 vasis
2215 2960 2522 3022 frumentarii
2557 2958 2802 3024 genasa-

1699 3038 1785 3071 tmn
1830 3046 1883 3073 ex
1931 3028 2089 3072 vimine
2134 3025 2355 3071 admodum
2392 3025 2642 3072 obductum.
2715 3024 2798 3068 vet.

1697 3090 1847 3139 Schol.
1881 3092 2002 3138 Vide
2024 3093 2119 3137 Sat.
2143 3104 2184 3138 1.
2210 3103 2256 3137 1.
2269 3103 2296 3148 5
2304 3103 2348 3149 3.

1760 3170 1823 3216 34
1857 3158 1943 3202 Sex
1985 3156 2177 3218 Cruquii
2215 3154 2378 3217 Scripti
2418 3155 2618 3202 Codices
2634 3155 2798 3214 legerunt

1693 3224 1912 3286 compellor
1949 3237 2029 3283 pro
2067 3222 2318 3285 compellar,
2352 3222 2478 3280 quod
2521 3220 2660 3280 magis
2680 3219 2796 3265 Hon-

1696 3288 1870 3334 tianum
1893 3300 1976 3334 est.
2047 3287 2304 3350 compellari
2337 3297 2497 3332 autem
2540 3299 2608 3333 est
2632 3286 2722 3348 Jute
2745 3296 2797 3327 ²¹·

1698 3368 1824 3399 cessn

1763 3419 1988 3481 Resigum·
2024 3419 2134 3465 satis
2156 3427 2319 3481 aspere.
2353 3415 2469 3463 Vet.
2505 3414 2657 3462 Schol.
2693 3413 2801 3470 Cruq-

1697 3484 1939 3545 Ren‘gnare
1981 3493 2122 3528 autem
2161 3493 2221 3529 est
2256 3494 2517 3528 conventum
2559 3484 2720 3528 irritum
2733 3478 2801 3541 sd·

1698 3566 1803 3595 cere.
1832 3550 2121 3595 Torrentius.
2155 3549 2212 3595 Β.
2299 3547 2441 3595 Conf.
2464 3548 2577 3594 Car.
2594 3559 2640 3607 3.
2663 3558 2728 3606 29.
2742 3556 2803 3601 54-

1699 3614 1776 3661 ubi
1802 3629 1904 3661 cum
1928 3614 2018 3673 ipsa
2043 3615 2222 3659 fortuna
2245 3612 2308 3659 sic
2333 3612 2439 3672 agit.
2473 3613 2540 3659 G.

1762 3692 1790 3738 3
1795 3691 1824 3737 5
1863 3680 2105 3732 Aledius-,-
2145 3679 2256 3724 domi
2270 3687 2506 3740 partarum
2529 3679 2690 3724 avim.
2717 3672 2801 3718 Vct·

1699 3744 1850 3790 Schol.
1873 3744 2013 3805 Cruq.
2047 3744 2102 3791 B.
2168 3743 2291 3790 Nam
2335 3742 2468 3790 facile
2509 3744 2588 3806 qui
2619 3756 2730 3789 sarar
2756 3745 2805 3783 at

1687 3811 1813 3871 pleno
1843 3811 1994 3855 laudat
2013 3811 2189 3873 jejunia
2225 3821 2392 3854 venere.
2459 3808 2615 3868 Negat
2652 3822 2694 3853 se
2723 3815 2801 3849 tum

1692 3874 1874 3921 demum
1899 3874 2077 3920 laudare
2101 3875 2266 3928 otium,
2301 3888 2407 3919 curn
2448 3884 2656 3920 ventrem
2677 3865 2798 3929 exple·

1693 3940 1807 3986 verit
1831 3939 2016 3995 delitiis,
2035 3940 2110 3985 scd
2133 3955 2178 3985 se
2217 3954 2349 4001 aequo
2387 3937 2546 3984 animo
2586 3932 2802 3985 commodis

1692 4004 1829 4051 etiam
1851 4006 1956 4051 vitae
1980 4005 2165 4052 urbanae
2188 4017 2321 4066 atque
2358 4003 2517 4050 aulica:
2554 4000 2801 4050 renunciare.

1758 4146 1817 4193 37
1858 4135 2094 4199 Paterque,
2111 4135 2324 4182 Patronus
2341 4155 2356 4186 ,·
2397 4132 2527 4180 Mire
2553 4131 2688 4193 igitur
2707 4145 2803 4175 vert·

1690 4204 1869 4246 cundum
1891 4216 1974 4261 pro
1996 4214 2172 4260 gratum
2196 4200 2363 4261 posuit,
2382 4199 2496 4262 quod
2509 4201 2616 4264 jan
2637 4193 2799 4263 asper-if

1675 4264 1855 4327 suerat,
1881 4278 1934 4312 ut
1954 4267 2018 4313 ait
2035 4267 2142 4313 Vet.
2168 4266 2318 4313 Schol.
2337 4265 2480 4325 Cruq.
2516 4265 2573 4310 Β.
2633 4257 2797 4308 Lambz-

1691 4346 1777 4377 nus
1810 4333 2097 4378 verecundum
2130 4331 2323 4393 explicat
2357 4330 2546 4378 minime
2597 4325 2802 4391 cupidqno

1689 4396 1843 4460 paucis
1865 4408 2149 4447 contentum.
2185 4398 2248 4446 Z.
