3000 4979
830 353 1371 424 CARMINUM
1417 356 1572 425 Lm.
1620 360 1754 428 111.
1793 373 1907 430 24.
2430 377 2554 437 173

470 537 615 604 Nec
645 532 868 598 dotata
898 532 1068 621 regit
1095 533 1307 599 virum

568 644 849 731 Conjux,
897 665 1016 710 nec
1044 644 1252 709 nitido
1282 644 1427 710 fidit
1455 646 1773 713 adultero.

473 758 623 825 Dos
654 768 751 821 est
779 778 1016 844 magna
1044 755 1412 841 parentium

424 934 431 941 ,
559 868 805 945 VirtuS,
853 879 920 932 et
947 878 1239 931 metuens
1269 864 1533 931 alterius
1561 865 1685 932 viri

467 977 667 1044 Certo
697 976 942 1043 foedere
973 976 1251 1054 castitaS,

563 1087 651 1153 Et
679 1109 947 1173 peccare
976 1083 1173 1164 nefas,
1207 1099 1318 1151 aut
1344 1086 1626 1172 pretium
1655 1088 1876 1153 emori.

471 1197 538 1263 O
567 1198 855 1285 quisquis
884 1196 1056 1261 volet
1088 1196 1317 1281 impias

556 1306 788 1373 Caedes
810 1318 875 1371 et
906 1305 1149 1371 rabiem
1180 1304 1406 1371 toliere
1435 1306 1738 1385 civicam3

468 1417 541 1483 Si
573 1429 818 1505 quaeret
846 1436 1066 1481 PATER.
1098 1435 1378 1479 mmmm

558 1527 891 1592 Subscribi
923 1525 1174 1604 statuis,
1206 1524 1588 1591 indomitam
1619 1526 1852 1592 audeat

465 1636 824 1702 Refrenare
854 1637 1205 1716 licentiam,

554 1745 785 1812 Clarus
815 1747 1236 1834 postgenitist
1283 1761 1599 1835 quatenus
1631 1748 1786 1833 (heu
1816 1747 1993 1815 nefas
2021 1748 2070 1831 Ι)

466 1854 795 1923 Virtutem
825 1859 1215 1924 incolumem
1245 1858 1525 1937 odimuS,

553 1968 887 2034 Sublatam
916 1992 1000 2035 ex
1029 1970 1232 2035 oculis
1263 1970 1614 2057 quaerimus
1639 1968 1871 2034 invidi.

474 2076 658 2153 Quid
690 2079 902 2145 tristes
932 2081 1372 2168 querimoniae,

553 2189 626 2254 Si
654 2212 785 2255 non
818 2191 1136 2278 supplicio
1166 2191 1358 2279 culpa
1385 2188 1740 2257 reciditur?

290 659 387 717 20

288 1207 378 1264 25

286 1755 373 1810 30

197 2386 262 2433 24
297 2386 377 2423 aut
399 2390 469 2439 pr.
493 2375 612 2423 mori
632 2375 862 2452 cumn-Saxa
886 2379 941 2425 it.
964 2379 1081 2427 Zur.
1145 2390 1225 2427 aut
1245 2394 1313 2441 pr.
1334 2379 1478 2426 emori
1505 2377 1659 2425 MSS.
1690 2378 1857 2442 aliquot
1878 2388 1952 2442 ap.
1972 2377 2119 2426 Benet.
2142 2388 2222 2424 sut
2242 2391 2312 2439 pr.
2332 2385 2399 2424 est
2423 2376 2542 2424 mori

259 2442 368 2554 ἵζ’..
432 2438 951 2569 ἐξεὲἒζειδΐὲηὐ.7εη.
976 2442 1639 2576 55asswQ22Jqugu5-codd.
1668 2454 1746 2508 ap.
1768 2443 1919 2492 Bentl.
2047 2453 2114 2504 30
2145 2440 2293 2491 Carus
2311 2446 2400 2491 eod.
2424 2442 2545 2491 Gau-

187 2655 363 2719 ve‘gais,
391 2668 476 2701 uec
501 2654 705 2702 abutitur
725 2671 778 2703 ea
798 2656 1047 2706 occasione.
1090 2659 1178 2706 Sed
1199 2660 1338 2708 etiam

187 2720 311 2766 illud
334 2732 587 2781 promtum,
619 2731 831 2786 temperat
855 2721 885 2768 i.
906 2723 1065 2785 parcit.
1104 2726 1167 2771 G.
1224 2726 1340 2773 Pos-

185 2782 338 2832 terior
356 2784 474 2830 ratio
496 2783 659 2848 placet.
727 2787 772 2833 Z

257 2861 327 2897 20
360 2850 485 2896 Fidit
519 2849 753 2899 adultero.-
810 2851 863 2898 ln
907 2852 1126 2901 Ablativo
1167 2854 1336 2904 dicitur

181 2915 394 2961 adultero
411 2934 428 2960 .-
459 2913 587 2976 quasi
621 2916 808 2974 diceret,
836 2916 894 2963 ob
926 2921 1114 2965 adukere‘
1137 2919 1332 2969 formam

180 2979 412 3027 fiduciam
433 2978 515 3025 sibi
540 2979 697 3036 sumit,
728 2996 875 3044 neque
897 2983 1137 3031 erubescit.
1181 2986 1236 3032 B.

257 3055 327 3102 23
364 3043 565 3091 Servatio
578 3058 727 3092 sancta
746 3059 790 3093 et
809 3062 1020 3094 constans
1036 3050 1333 3111 matrimonii,

181 3122 308 3174 quae
331 3106 539 3155 abhorret
560 3110 689 3157 alieni
713 3111 794 3157 viri
818 3113 1210 3162 consuetudinem.
1248 3117 1312 3164 Z.

255 3185 330 3229 24
367 3171 583 3235 Corrupit
602 3174 940 3236 intelligentiam
964 3177 1098 3241 hujus
1114 3179 1199 3227 loci
1218 3196 1333 3242 prae·

178 3237 363 3303 positio
410 3256 433 3283 e
478 3238 525 3284 in
575 3240 709 3288 verbo
745 3245 877 3289 emori
913 3255 1094 3305 accepta
1137 3259 1221 3307 pro
1257 3255 1334 3293 ese.

186 3305 288 3352 Dos
333 3312 400 3349 est
434 3310 855 3368 magna—castitas,
909 3318 954 3353 et
994 3309 1116 3370 quod
1152 3319 1333 3372 peccare

186 3379 351 3417 contra
383 3367 526 3429 legem
564 3370 845 3418 matrimonii
876 3371 1001 3434 nefas
1040 3384 1219 3435 putant,
1248 3387 1329 3422 aut

186 3435 224 3480 si
240 3435 437 3481 omnino
450 3434 523 3481 vel
544 3434 699 3482 invitis
716 3435 923 3484 acciderit
936 3452 1135 3499 peccare,
1156 3451 1208 3486 ut
1226 3441 1327 3488 Lu-

187 3500 360 3552 aetia,
386 3502 576 3564 pretium
611 3500 731 3548 illius
764 3501 1058 3549 involuntarii
1091 3506 1325 3568 coactique

184 3564 361 3625 peccati
393 3564 652 3612 existimant
684 3569 816 3612 emon·
834 3578 881 3613 et
905 3567 1017 3628 ipsas
1039 3580 1087 3614 et
1109 3580 1329 3618 auctores.

185 3628 320 3691 Quin
354 3629 524 3691 peccati
557 3630 662 3677 talis
693 3631 829 3677 etiam
863 3631 1092 3689 intentati,
1123 3637 1327 3683 nondum

183 3692 360 3756 peracti
375 3691 564 3757 prm‘u‘ns
602 3706 765 3759 putant
795 3699 942 3754 ωσι-ἱ,
973 3697 1095 3744 utin
1119 3699 1257 3759 Icilia,
1279 3701 1327 3748 in

185 3758 376 3806 tfibuno
399 3758 627 3807 Mariano.
692 3762 755 3808 G.

250 3823 386 3871 Mire
412 3828 602 3889 pretium
638 3824 694 3871 de
732 3824 906 3874 moecha
939 3826 1105 3889 posuit,
1139 3844 1242 3892 quae
1272 3831 1328 3878 ab

181 3888 471 3935 amatoribus
487 3892 678 3951 pretinm
701 3890 868 3938 solebat
892 3892 1081 3952 exigere.

250 3965 316 4012 25
353 3954 736 4013 Frigidiusculum
767 3955 945 4003 videtur
977 3956 1101 4004 nobis
1133 3957 1328 4006 Bentleii

186 4018 273 4066 0!
310 4022 426 4082 quis,
444 4021 538 4083 quis
562 4019 759 4076 divisim,
791 4035 871 4082 pro
900 4020 976 4066 O!
1042 4025 1220 4085 uisqut's.
1275 4024 1327 4071 ln

177 4099 231 4132 re
255 4082 381 4142 gravi
407 4095 542 4147 atque
565 4084 677 4133 seria
700 4085 941 4133 exclamari
966 4102 1015 4134 so
1032 4098 1079 4134 et
1105 4087 1153 4135 0.

249 4145 320 4196 26
356 4149 570 4206 Civiean,
597 4162 776 4198 vetuste
799 4166 879 4215 pro
900 4153 1092 4199 civiIenn.
1139 4151 1194 4199 B.
1249 4152 1327 4199 ln·

175 4212 459 4271 teuiguntur
482 4213 600 4262 bella
623 4216 785 4263 civilia.
855 4216 917 4263 Z.

251 4289 320 4335 27
354 4278 547 4327 Pulchre
581 4280 767 4339 urbium,
799 4280 1049 4329 dissimulat
1070 4281 1192 4328 enim
1216 4280 1332 4329 sein

166 4341 339 4392 animo
360 4343 571 4393 habuisse
595 4348 863 4406 Augustum
884 4347 1048 4393 Patriae
1071 4347 1266 4394 Patrem.

237 4419 313 4469 30
350 4409 511 4459 Clarus
575 4415 827 4477 postgeniti:
842 4430 862 4469 ,-
928 4411 1178 4474 significare
1234 4410 1334 4461 vult

1402 2661 1669 2720 Angustum
1691 2659 1750 2707 ob
1770 2657 1916 2718 legem
1940 2655 2111 2722 Julism
2133 2656 2190 2703 de
2210 2652 2441 2702 adulteriis
2468 2651 2538 2700 la-

1400 2724 1576 2772 borasse
1597 2722 1897 2786 plurimorum
1920 2722 2101 2769 invidia.

1470 2791 1700 2856 Qan‘nus
1740 2803 1844 2836 cum
1888 2789 2001 2834 Vet.
2039 2785 2189 2834 Schol.
2255 2782 2447 2847 Cruquii
2484 2793 2532 2830 et

1400 2851 1691 2902 Mancinello
1723 2869 1806 2915 pro
1834 2862 2035 2917 quatenus
2068 2851 2375 2914 reponendum
2408 2847 2533 2895 duxi.

1400 2921 1630 2986 ‚Quariates
1679 2918 1923 2965 Con'unctio
1961 2927 2024 2965 est
2073 2927 2241 2962 tantum
2256 2935 2273 2969 ,-
2326 2922 2533 2979 qnatenus

1396 2994 1538 3030 auem
1582 2939 1860 3032 Adverbliua
1913 2984 2113 3047 temporis
2155 2995 2199 3028 et
2239 2981 2333 3027 loci.
2419 2979 2533 3024 Vct.

1397 3047 1550 3096 Schol.
1615 3047 1848 3096 Bentleius
1880 3059 2032 3095 tamen
2066 3045 2182 3092 male
2215 3041 2354 3090 edidit
2380 3051 2533 3106 quate·

1398 3131 1494 3163 nur.
1538 3113 1594 3161 B.
1659 3113 1814 3175 Hujus
1850 3111 2021 3169 peccati
2057 3110 2149 3171 ipse
2181 3124 2362 3171 quoque
2398 3121 2529 3154 reum

1397 3194 1470 3226 me
1491 3178 1655 3233 fateor,
1669 3193 1773 3224 cum
1791 3177 2012 3239 plerisque
2030 3189 2192 3235 nempe
2207 3172 2343 3219 libris.
2378 3171 2529 3218 Causa

1395 3244 1515 3291 dicta
1538 3244 1584 3289 in
1606 3241 1863 3290 Thesauro.
1906 3243 1968 3287 G.
2025 3242 2272 3306 Qatnu-s,
2291 3235 2530 3300 siquidem.

1462 3322 1522 3369 31
1565 3309 1788 3355 Virtutem
1813 3305 1974 3354 maluit
2004 3301 2236 3353 nominare
2264 3317 2398 3364 quam
2425 3300 2532 3348 Au·

1390 3385 1590 3434 gustum.
1633 3373 1687 3420 B.
1749 3372 2023 3428 lucdunum,
2058 3369 2168 3417 dum
2208 3367 2320 3417 vivit
2350 3367 2418 3415 vir
2449 3365 2533 3412 bo-

1391 3453 1497 3497 nus,
1528 3450 1748 3499 evergeta.

1457 3515 1522 3564 32
1565 3504 1690 3550 Bene
1744 3513 1791 3550 et
1834 3500 2117 3552 Patheticue.
2203 3497 2425 3545 Sublatam
2472 3512 2529 3542 ese

1390 3570 1520 3616 oculis
1542 3568 1709 3631 posuit,
1739 3566 2023 3631 subjecturus
2053 3567 2297 3630 querimus.
2328 3563 2385 3611 B.
2418 3559 2467 3609 h.
2487 3576 2529 3608 e.

1391 3633 1710 3681 desideramus.

1456 3699 1613 3747 Invidi
1627 3719 1645 3754 ‚·
1687 3698 1810 3746 Vere
1847 3698 1956 3745 enim
1988 3705 2072 3759 per
2107 3694 2332 3741 insidiam
2351 3690 2434 3758 ſse.
2480 3699 2530 3739 nt

1393 3763 1492 3811 honi
1525 3766 1626 3812 viri
1655 3782 1748 3810 cuns
1779 3765 1930 3810 amissi
1948 3765 2033 3809 sint
2052 3762 2354 3808 desiderentur.
2416 3758 2530 3803 Vct.

1393 3828 1549 3876 Schol.
1567 3828 1615 3875 h.
1637 3844 1676 3876 e.
1698 3843 1752 3875 ex
1773 3843 1984 3891 perverso
2005 3837 2051 3873 et
2073 3824 2267 3885 maligno
2288 3822 2483 3884 ingenio.

1459 3906 1521 3953 33
1615 3896 1693 3940 uid
1744 3896 1889 3940 tristes
1943 3892 2209 3956 querimonia
2224 3888 2252 3936 ε’
2317 3901 2528 3936 excusare

1393 3957 1573 4007 videtur
1624 3957 1714 4018 egis
1739 3957 1876 4023 Juliae
1910 3956 2207 4004 atrocitatem.
2254 3955 2307 4002 B.
2361 3953 2529 3999 Sensus

1391 4034 1483 4070 est:
1523 4023 1719 4085 Querela
1753 4023 1808 4069 de
1842 4021 2064 4085 corruptis
2099 4019 2300 4067 moribus
2329 4017 2393 4066 nil
2421 4032 2527 4081 pro-

1391 4089 1509 4144 dest,
1524 4088 1605 4135 nisi
1631 4087 1793 4136 scelera
1814 4087 1979 4134 severis
1999 4084 2169 4146 legibus
2191 4085 2523 4148 reprimantur:

1392 4168 1476 4200 uec
1499 4152 1606 4214 ipsae
1625 4152 1746 4212 leges
1766 4152 1858 4200 vim
1886 4151 2072 4205 habent,
2104 4150 2190 4197 nisi
2212 4164 2360 4198 mores
2389 4146 2530 4196 corri-

1390 4229 1556 4279 gantur
1578 4229 1625 4265 et
1648 4217 1881 4283 disciplina
1910 4215 2087 4281 publica
2108 4227 2154 4264 et
2174 4216 2351 4279 privata
2371 4227 2530 4261 emen·

1395 4284 1542 4329 detur.

1460 4361 1527 4408 34
1557 4345 1741 4396 Usitato
1768 4347 2106 4398 Charieutismo
2137 4345 2413 4396 adulterium
2444 4340 2534 4391 cul·

1388 4423 1496 4478 pam
1519 4424 1664 4461 vocat.
