3000 4979
465 303 596 377 338
1126 294 1212 375 Q.
1237 290 1686 378 ὴΗΟΒΑΤΙῙ
1736 291 2091 359 FLACCt

733 468 994 557 Injiciat
1017 491 1238 534 curam
1268 468 1602 558 quaerendi
1631 427 1904 558 singula,
1934 467 2112 557 quali

735 582 835 648 Sit
862 581 1043 663 facie,
1078 605 1229 653 sura
1259 580 1453 669 quali,
1486 580 1672 667 pede,
1703 580 1914 659 dente,
1945 578 2215 666 capillo:

733 691 844 758 Sic
873 691 982 779 qui
1013 692 1349 777 promittit,
1384 692 1573 770 cives,
1606 690 1861 763 ‚Urbem
1882 691 2007 756 sibi
2034 712 2231 768 curoe,

557 810 640 867 35
733 800 1088 887 Imperium
1117 801 1275 881 fore,
1306 814 1370 868 et
1402 801 1660 869 ltaliam
1686 813 1753 867 et
1781 800 2056 867 delubra
2086 800 2399 878 deorum;

715 910 885 1003 ‘Quo
913 926 1098 998 patre
1126 914 1208 979 sit
1236 926 1447 992 natus,
1480 934 1638 977 num
1668 913 1892 1001 ignota
1919 925 2125 978 matre
2154 910 2551 988 inhonestus,

735 1020 985 1109 Omnes
1013 1023 1320 1089 mortales
1350 1045 1577 1090 curare
1606 1037 1673 1090 et
1691 1046 1982 1110 quaerere
2012 1023 2206 1112 cogit.

733 1137 781 1208 ΊῘ
813 1131 1006 1199 Tune
1037 1135 1206 1221 Syri,
1238 1134 1493 1211 Damoe,
1525 1146 1641 1199 aut
1666 1132 1949 1221 Dionysi
1977 1132 2172 1210 filius,
2202 1131 2409 1197 audes

730 1240 1032 1329 Dejicere
1062 1268 1099 1309 e
1128 1267 1286 1310 saxo
1316 1245 1505 1322 nivea,
1538 1258 1651 1310 aut
1682 1244 1936 1310 tradere
1970 1241 2268 1310 Cadmo?

559 1357 648 1416 40
734 1351 829 1418 At
860 1353 1107 1419 Novius
1136 1353 1385 1443 collega
1411 1354 1620 1442 gradu
1648 1367 1796 1440 post
1824 1376 1929 1419 me
1961 1352 2141 1419 sedet
2169 1375 2341 1435 uno;

735 1462 1034 1554 Namque
1063 1477 1158 1531 est
1183 1465 1311 1543 ille,
1335 1478 1522 1551 pater
1540 1465 1719 1552 quod
1748 1477 1884 1531 erat
1905 1487 2107 1530 meus.
2179 1468 2227 1539 ΊῘ
2255 1464 2405 1529 Hoc
2426 1461 2543 1528 tibi
2569 1460 2808 1528 Paulus

733 1572 822 1638 Et
854 1575 1137 1664 Messala
1166 1574 1452 1642 videris?
1498 1577 1592 1642 At
1621 1575 1749 1654 hic,
1781 1576 1838 1642 si
1867 1575 2111 1661 plostra
2140 1573 2421 1639 ducenta

739 1682 1273 1775 concurrantque
1302 1687 1444 1753 foro
1474 1686 1601 1753 tria
1629 1688 1873 1771 funera,
1904 1709 2142 1774 magna
2168 1664 2423 1750 sonabit

738 1793 1005 1862 Cornua
1033 1790 1208 1885 quod
1239 1799 1577 1885 vincatque
1608 1796 1833 1862 tubas:
1880 1796 2106 1862 saltem
2135 1807 2311 1861 tenet
2337 1794 2465 1861 hoc
2494 1805 2636 1861 nos.
2718 1837 2722 1841 <

559 1911 644 1968 45
736 1911 784 1982 ΊῘ
811 1906 1004 1973 Nunc
1034 1909 1116 1974 ad
1149 1932 1257 1974 me
1279 1909 1495 1987 rede0‚
1530 1907 1834 1973 libertino
1864 1919 2051 1994 patre
2080 1919 2301 1971 natum
2321 1928 2349 1997 3*

737 2014 953 2093 Quem
983 2019 1223 2105 rodunt
1251 2042 1473 2091 omnes
1505 2019 1806 2086 libertino
1835 2032 2019 2104 patre
2049 2032 2271 2082 natum
2288 2039 2308 2093 ;

472 2238 534 2287 33
569 2242 692 2288 sura,
710 2230 832 2293 quali
853 2235 965 2295 pede
987 2234 1216 2300 distinguit
1235 2235 1381 2285 Bentl.

470 2538 607 2587 quam
631 2535 695 2575 ue.
754 2528 832 2576 De
863 2529 1011 2580 Barro
1040 2531 1141 2580 vide
1173 2533 1268 2581 Sat.
1298 2548 1348 2592 4.
1392 2535 1445 2583 B.
1511 2536 1608 2582 Re-

470 2590 571 2652 cepi
594 2592 844 2642 multarum
877 2597 980 2644 edd.
1000 2609 1111 2646 vett.
1130 2612 1236 2646 cum
1270 2600 1423 2648 Bentl.
1445 2599 1607 2647 lectio·

469 2671 575 2702 nem
608 2671 675 2716 ue,
697 2674 834 2721 quam
868 2676 1025 2709 sensus
1045 2667 1348 2712 commendat.
1414 2665 1540 2712 Nam
1564 2674 1606 2711 et

467 2720 754 2771 referendum
777 2738 892 2774 esset
929 2728 983 2774 ad
1005 2731 1062 2785 si,
1086 2730 1162 2775 sed
1186 2742 1234 2776 ut
1266 2741 1389 2777 recte
1412 2730 1608 2777 refertur

468 2786 526 2832 ad
562 2785 771 2847 morbum,
799 2791 877 2852 qui
914 2803 1008 2838 erat
1033 2794 1172 2840 animi
1213 2793 1430 2855 cupiditas
1463 2793 1601 2842 vehe-

471 2865 614 2909 mens,
635 2865 688 2902 ut
709 2854 937 2904 formosus
953 2856 1211 2906 baberetur.
1247 2861 1308 2907 Z.

445 2961 450 2966 .
535 2930 597 2978 35
634 2919 686 2965 In
710 2936 870 2968 novem
905 2923 1141 2971 Torrentii
1164 2925 1408 2972 Codicibus
1429 2923 1606 2973 deletur

469 2992 528 3038 et,
541 2995 646 3031 ante
661 2984 848 3032 Italia„
862 3006 880 3033 .·
912 2999 961 3034 et
978 2988 1157 3036 videtur
1171 2990 1302 3053 plane
1320 3007 1346 3037 a
1364 2992 1609 3038 Gramma·

469 3047 655 3097 ticastro
676 3051 994 3112 interpositum
1017 3068 1148 3112 causa
1172 3055 1338 3103 Metti.
1373 3055 1606 3103 Bentleius

470 3125 613 3161 tenet.
646 3114 702 3162 Β.
769 3117 871 3164 Nos
895 3133 1075 3182 quoque
1099 3131 1324 3179 tenemus,
1342 3122 1486 3169 secuti
1508 3136 1609 3167 om-

470 3194 551 3226 nes
573 3181 674 3228 edd.
689 3193 800 3230 vett.
836 3184 898 3230 Z.
1445 3218 1450 3222 ·

471 3247 1020 3382 maliznoaerztiietfbgottgssgs
1028 3252 1609 3363 ἱωίξέῐξὲῗάιεᾞιῗέἓωῐεὲ

470 3376 594 3422 enim
619 3387 833 3439 tanquam
866 3394 946 3425 ore
969 3380 1090 3439 vulgi
1121 3380 1308 3441 figurata
1338 3380 1609 3443 proferenda

471 3453 594 3488 sunt.
660 3442 904 3507 Rhythmo
937 3446 1074 3493 etiam
1101 3445 1219 3492 inest
1251 3444 1513 3492 ridiculum.

449 3503 458 3572 ἶ
540 3503 603 3567 38
637 3506 734 3554 Hic
758 3508 856 3571 jam
891 3509 1137 3557 introducit
1170 3512 1301 3572 poie’ta
1322 3509 1518 3572 aliquem
1551 3511 1607 3557 de

471 3571 642 3634 populo
662 3572 1020 3635 expostulantem
1055 3589 1158 3622 cum
1193 3574 1377 3633 ignobili
1398 3587 1444 3622 et
1475 3574 1611 3623 liber-

471 3635 583 3682 tinae
604 3638 877 3686 conditionis
908 3639 1138 3697 Tribuno,
1155 3639 1230 3687 cui
1262 3638 1338 3686 ille
1367 3639 1610 3702 respondet

455 3716 521 3768 V·
540 3713 624 3764 40,
652 3703 969 3764 ignobiliorem
992 3705 1130 3753 etiam
1153 3720 1291 3767 quam
1311 3715 1360 3752 'se
1394 3719 1487 3751 esse
1510 3705 1609 3753 col·

473 3762 620 3825 legam
643 3783 776 3815 suum
807 3769 1013 3817 Novium
1035 3781 1122 3817 etc.
1158 3772 1222 3818 G.

450 3879 464 3890 ‚
541 3829 603 3889 38
654 3832 776 3896 Syri,
811 3835 1015 3891 -Dauae5
1076 3835 1355 3883 servulorum
1409 3833 1610 3884 nomina.

474 3893 587 3943 Non
610 3896 734 3945 enim
767 3898 1067 3959 dignabantur
1086 3901 1280 3948 Veteres
1310 3916 1460 3947 servos
1483 3900 1609 3961 inge·

447 3975 675 4023 ‚tinorum
700 3964 973 4022 nominibus,
991 3980 1096 4014 cum
1119 3981 1197 4016 eos
1217 3964 1291 4012 vix
1312 3980 1392 4027 pro
1410 3965 1609 4012 homini-

473 4023 809 4139 buls·‘hazberent.
840 4030 894 4076 Β.
941 4031 990 4077 T
983 4049 1060 4078 une
1080 4030 1204 4096 Syri,
1224 4041 1291 4078 est
1311 4029 1505 4092 objectio
1527 4044 1608 4092 po-

503 4106 533 4138 u
554 4107 583 4137 ι.
669 4124 683 4138 .
1564 4105 1567 4114 ‘

451 4107 1286 4288 52,ss„13323522‘22225'2‘223‘
1281 4159 1609 4272 '22:25522

472 4283 590 4335 &xo
615 4242 857 4353 chapitolino
870 4290 1219 4356 praecipitabant·
1249 4289 1360 4337 Vet.
1382 4270 1536 4338 schol:

527 4351 739 4415 'Tradere
785 4356 973 4411 Cadm05
1034 4356 1220 4402 cadum
1246 4354 1354 4418 fuit
1412 4355 1611 4416 carnifex

453 4434 581 4486 ..aare
613 4421 902 4471 crudelitatis.
955 4422 1070 4471 Vet.
1100 4418 1251 4469 schol.
1298 4420 1352 4468 Β.
1421 4420 1611 4488 Cadmus

602 2294 676 2343 ΡΙ.
740 2295 941 2347 cathmo
964 2299 1034 2348 H.
1054 2303 1308 2366 quodsavet
1329 2300 1528 2350 Bathmo
1553 2245 1792 2366 gluchgat
1815 2234 1886 2284 H·

1880 2310 1946 2358 42
1980 2228 2804 2347 M.{3.nc.¹'}¹2¹.⁰2{;³.2⁶53.2f²”⁰

1671 2547 1838 2581 nomen
1856 2527 2024 2578 montis
2046 2527 2094 2577 in
2117 2528 2231 2576 Asia
2249 2528 2396 2591 placet
2420 2525 2651 2590 Cruquio,
2669 2537 2724 2574 ut
2740 2526 2804 2574 in·

1669 2597 1900 2659 telligatur
1924 2594 2123 2642 exilium.
2167 2595 2295 2641 Idem
2318 2593 2585 2656 conjiciebat
2607 2593 2808 2649 Beck-ro,

1670 2662 2036 2723 intelligebatque
2057 2661 2217 2720 gradus
2240 2659 2508 2706 Gemonios.
2540 2660 2605 2704 G.
2772 2663 2775 2664 ’

1735 2740 1801 2785 4ο
1833 2725 2061 2785 Significat
2103 2724 2302 2772 Navium
2329 2723 2545 2770 libertum
2585 2722 2725 2769 fnisse
2755 2721 2806 2768 iis

1668 2791 1945 2855 temporibus
1953 2790 2214 2837 Tribunum
2236 2789 2548 2851 Plebis,quem
2566 2786 2682 2834 salse
2690 2801 2807 2834 mot-

1668 2860 1746 2905 det
1767 2873 1848 2920 per
1867 2855 2124 2904 transitum.
2157 2855 2210 2901 B.
2241 2856 2330 2911 At,
2345 2853 2586 2913 respondet
2602 2853 2688 2899 iste
2704 2852 2805 2899 'rri-

1668 2924 1818 2971 bunus
1840 2920 1996 2983 plebis,
2017 2919 2121 2967 loco
2141 2918 2305 2967 humili
2327 2930 2477 2966 natus.
2513 2918 2577 2965 Ζ.

1737 3001 1799 3045 41
1834 2984 2056 3034 AEmilius
2069 2984 2257 3042 Paulus,
2271 2995 2317 3032 et
2335 2982 2540 3030 Messala
2559 2983 2802 3038 Corvinus,

1673 3052 1973 3100 illustrissimo
2006 3061 2131 3096 erant
2166 3063 2343 3110 genere.
2421 3047 2519 3094 Hoc
2556 3048 2658 3105 tibi,
2700 3063 2803 3095 nutu

1670 3130 1922 3181 propterea,
1943 3115 2208 3177 (respondet
2237 3113 2451 3176 populus)
2473 3114 2599 3175 quod
2631 3115 2681 3159 in
2703 3128 2806 3175 qua·

1672 3181 1923 3230 tuordecim
1942 3196 2034 3228 uno
2054 3180 2193 3240 gradu
2211 3195 2346 3242 supra
2364 3178 2571 3225 Novium
2590 3180 2718 3226 sedes
2732 3193 2807 3225 ex-

1672 3247 1886 3310 cellisque
1917 3245 2151 3305 dignitate,
2172 3256 2302 3306 putas
2323 3257 2370 3291 te
2388 3258 2575 3291 summo
2594 3243 2699 3291 loco
2731 3259 2806 3289 na-

1671 3311 1811 3361 tum?
1856 3316 1927 3358 At
1961 3310 2137 3358 Novius
2170 3321 2294 3357 certe
2328 3308 2417 3355 boc
2455 3308 2644 3354 nomine
2684 3308 2806 3358 nebit

1672 3377 2033 3433 commendatur,
2046 3375 2170 3439 quod
2185 3390 2292 3422 voce
2306 3373 2551 3441 admodum
2570 3373 2713 3421 valet.
2746 3375 2804 3420 Z.

1737 3456 1803 3501 42
1837 3443 1907 3490 Ae
1926 3442 2014 3497 hic,
2033 3456 2140 3488 cum
2158 3439 2320 3487 stolida
2343 3439 2641 3485 admiratione
2655 3440 2805 3501 profe·

1672 3510 1841 3564 renda3
1876 3522 1978 3553 narn
2010 3506 2204 3568 populus
2234 3503 2481 3553 causidicos
2506 3504 2564 3549 de
2596 3518 2805 3551 mensura

1671 3574 1916 3622 buccarum
1956 3572 2142 3632 probare
2179 3569 2307 3617 solet.
2350 3569 2407 3616 Β.
2476 3570 2545 3616 Ut
2576 3567 2804 3616 interdum

1673 3653 1820 3687 sacros
1840 3635 2193 3685 concionatores.
2228 3636 2291 3681 G.

1736 3716 1798 3764 43
1836 3702 2022 3766 Magna
2045 3701 2241 3758 suabia·
2282 3711 2333 3747 ue
2358 3697 2600 3763 Virgilius,
2623 3700 2805 3764 &fanda

1653 3772 1899 3829 furentem.
1934 3767 2049 3814 Vct.
2070 3765 2225 3813 Schol-

1737 3846 1801 3890 44
1839 3833 2009 3879 Cornua
2024 3852 2040 3884 ,-
2075 3832 2305 3878 Indictiva
2327 3830 2501 3875 Funera
2533 3831 2599 3874 nd
2619 3828 2750 3876 tibias
2768 3838 2807 3876 d

1673 3899 1800 3946 tubas
1821 3897 2090 3945 ducebantur.
2153 3894 2408 3942 Gutherius
2427 3894 2484 3939 de
2505 3892 2622 3957 Jure
2646 3891 2806 3940 Mani·

1673 3979 1769 4010 um.
1839 3963 1958 4009 Hinc
1979 3961 2103 4020 tuba,
2122 3963 2316 4008 candela.
2380 3957 2576 4005 Persius.

1740 4028 1889 4085 Tenet,
1924 4026 1971 4074 b.
2004 4042 2045 4074 e.
2087 4027 2235 4089 capit:
2286 4037 2447 4086 nempe
2485 4024 2612 4085 quod
2644 4022 2803 4070 utilem

1671 4094 1907 4140 credamus
1926 4107 2032 4139 eum
2055 4090 2200 4138 causis
2220 4088 2433 4136 dicendis.
2781 4131 2789 4139 ,

1737 4171 1799 4218 ⁴5
1834 4159 1919 4205 Aa
1952 4160 2177 4209 menda.-
2225 4154 2373 4202 missis
2416 4153 2591 4201 scilicet
2624 4153 2806 4213 Figura·

1670 4235 1773 4271 rum
1807 4221 2078 4282 ambagibus.
2141 4223 2286 4281 [1m0,
2320 4217 2467 4266 missis
2496 4218 2694 4265 aliorum
2731 4233 2806 4265 ex·

1675 4286 1853 4350 emplis.
1883 4284 1969 4351 Ζ.]
2035 4287 2172 4335 Nunc
2201 4287 2262 4332 od
2275 4302 2342 4331 nne
2377 4285 2514 4341 rdet,
2532 4292 2584 4330 ut
2617 4298 2721 4347 ,σε
2742 4300 2804 4346 νᾳ

1676 4371 1738 4401 me
1757 4355 1957 4416 inpendit
1976 4361 2151 4417 agatur.
2197 4349 2421 4397 Lucilius.
2477 4348 2481 4352 ’
2798 4391 2805 4398 ,

1738 4415 2058 4476 461.ἰόεηὶηο
2088 4426 2227 4530 Μνέ
2268 4430 2439 4478 aaran,
2482 4413 2703 4462 ostendit·
2727 4412 2806 4460 ian
