3000 4979
1253 319 1404 395 589

215 538 533 614 quaeque
569 514 758 589 adeo
794 524 880 589 ut
918 527 1397 591 noscerentur
1450 513 1786 589 omnium
1843 513 2224 604 intererat,
2279 514 2404 613 qui
2451 512 2545 587 ab

219 652 374 713 arte
403 650 481 713 et
508 637 880 737 elegantia
912 637 1424 713 instructiores
1459 636 1810 713 volebant
1845 638 2085 713 redire
2121 640 2214 713 ab
2249 638 2545 715 Horatii

235 759 582 838 lectione.

322 885 639 962 Relecto
683 887 910 985 igitur
943 911 1118 961 cum
1155 888 1333 961 cura
1376 884 1722 977 Horatio,
1774 896 2001 984 atque
2038 885 2378 984 sepositis
2415 886 2533 977 iis,

221 1034 388 1108 quae
423 1010 591 1085 usui
624 1010 782 1086 fore
808 1011 1220 1110 sperabam,
1246 1009 1593 1084 videbam
1628 1008 1817 1084 adeo
1845 1010 2162 1085 crevisse
2208 1010 2569 1114 observa-J

220 1133 464 1208 tiones
500 1158 729 1225 meas,
764 1147 850 1210 ut
875 1133 1065 1233 pene
1102 1132 1498 1233 abjecerim
1535 1132 1926 1210 consilium
1966 1132 2290 1208 addendi
2328 1133 2541 1232 quid-

222 1284 474 1358 quam,
528 1281 622 1332 ne
658 1256 946 1334 scilicet
973 1257 1217 1333 Index
1253 1257 1563 1333 nimium
1599 1271 1865 1334 auctus
1917 1255 2111 1332 mole
2159 1282 2291 1332 sua
2340 1257 2539 1331 labo-

221 1394 447 1471 raret,
498 1380 629 1456 sed
665 1382 843 1457 vicit
877 1394 1126 1457 tamen
1154 1382 1435 1458 utilitas
1467 1382 1798 1484 publica,
1850 1406 2018 1483 quae
2066 1380 2268 1458 certe
2305 1380 2536 1477 major

220 1503 617 1579 videbatur
657 1504 815 1581 fore
865 1507 946 1580 in
998 1506 1113 1598 iis,
1167 1532 1333 1607 quae
1382 1507 1659 1584 addere
1695 1507 2259 1594 constitueram,
2311 1529 2533 1603 quam

222 1628 303 1701 in
353 1628 910 1704 enumeratione
960 1653 1232 1704 vocum
1278 1629 1554 1705 nullius
1604 1631 1682 1705 in
1735 1629 1995 1705 Indice
2049 1653 2249 1718 usuS,
2300 1628 2436 1701 nisi
2475 1628 2535 1701 si

223 1750 715 1826 adhibeantur
751 1777 925 1828 cum
963 1752 1331 1853 elegantia
1377 1754 1759 1853 singulari,
1813 1752 2066 1854 quales
2093 1764 2266 1827 sunt
2298 1776 2403 1838 ae,
2440 1762 2531 1838 et,

222 1875 306 1969 si,
362 1899 498 1974 que
530 1886 608 1950 et
641 1900 730 1950 ne
780 1875 1180 1969 encliticae,
1230 1888 1307 1952 et
1342 1903 1510 1977 quae
1546 1876 1711 1953 aliae
1745 1876 2074 1977 ejusdem
2103 1888 2277 1952 sunt
2309 1899 2537 1974 gene-

228 1997 357 2090 τίς,
384 2024 691 2099 quarum
714 2001 1108 2076 maximam
1138 2014 1424 2102 partem
1461 2003 1753 2078 resecui
1770 2034 1793 2097 3
1834 2013 2148 2101 partem,
2175 2012 2263 2074 ut
2284 2024 2537 2075 earum

230 2146 405 2198 usus
439 2135 754 2222 pateret,
788 2125 1063 2200 retinui
1098 2155 1121 2219 3
1173 2138 1488 2226 partem,
1523 2152 1689 2227 quae
1720 2153 1869 2203 non
1904 2126 2282 2226 vulgarem
2316 2147 2535 2198 usum

224 2270 382 2348 prae
418 2273 497 2324 se
532 2247 843 2341 ferebat,
892 2249 1200 2325 retentis
1236 2248 1543 2350 subjeci.
1650 2250 1843 2340 Quae
1900 2249 2307 2325 necessaria
2343 2249 2536 2322 scitu

224 2383 404 2448 sunt
438 2371 532 2448 de
569 2372 1030 2448 dimensione
1066 2373 1283 2449 unius
1318 2389 1540 2474 atque
1576 2373 1875 2450 alterius
1922 2370 2116 2447 Odae
2160 2396 2254 2447 ex
2287 2383 2535 2446 mente

225 2501 582 2593 Bentleii,
632 2503 790 2601 ipse
842 2525 977 2577 suo
1027 2500 1198 2578 loco
1262 2502 1577 2593 monuit,
1647 2514 1735 2576 ut
1783 2501 1927 2575 hoc
1974 2499 2143 2574 loco
2202 2510 2536 2598 repetere

224 2627 418 2704 nihil
451 2630 783 2707 attineat.
893 2628 1125 2718 Quod
1159 2629 1220 2704 si
1254 2627 1471 2721 forte,
1522 2642 1610 2704 ut
1659 2627 1996 2704 homines
2049 2650 2198 2701 non
2246 2650 2535 2723 semper

223 2754 490 2831 eadem
519 2754 786 2832 mentis
820 2754 982 2831 acie
1016 2755 1265 2832 omnia
1298 2755 1829 2855 dignoscimus,
1871 2754 2139 2829 alleubi
2171 2778 2533 2841 erravero,

221 2878 478 2954 Tuum
508 2891 622 2955 est
645 2879 1034 2977 ignoscere
1082 2880 1361 2956 homini
1396 2879 1571 2955 huic
1601 2879 1695 2955 de
1725 2878 1996 2956 Literis
2040 2878 2231 2952 bene
2271 2875 2528 2950 mereri

218 3003 583 3106 cupienti.
686 3003 899 3082 Vale.
