3000 4979
435 270 638 339 xxxvi
957 266 1043 343 Q.
1095 262 1520 332 HORATII
1567 262 1913 329 FLAOCI
1957 261 2209 331 VITA.

441 448 648 535 mihis
674 448 775 531 tm‘
808 441 1478 544 εἱῐόγκωδέσωτος,
1515 455 1697 527 sicut
1721 464 1830 528 est
1854 444 2225 531 ὐεηινῑειιιὶ
2259 452 2361 525 tm·
2385 456 2448 528 *.
2534 452 2757 528 Vixit

443 584 842 681 plurimum
886 580 963 651 in
1008 602 1296 652 secessu
1324 578 1549 651 Ruris
1577 565 1686 653 sui
1717 578 1993 668 Sabini,
2018 590 2149 651 aut
2174 576 2586 667 Tiburtini3
2627 579 2762 650 do-

446 730 755 803 musque
784 703 941 801 ejus
965 703 1383 777 ostenditur
1405 703 1604 777 circa
1632 703 1946 776 Tiburni
1969 699 2320 774 luculum.
2361 699 2762 773 Venerunt

444 832 523 903 in
562 853 819 902 manus
858 851 1054 900 meas
1089 837 1165 900 et
1195 825 1405 925 Elegi
1432 828 1566 900 sub
1603 826 1759 925 ejus
1794 824 2042 913 titum,
2068 837 2144 897 et
2183 823 2512 921 Epistola
2539 848 2761 920 prosa

440 954 779 1027 oratione
817 950 1018 1048 quasi
1057 948 1645 1023 commendantis
1681 973 1757 1021 se
1797 948 2234 1037 Maecenati3
2276 948 2406 1020 sed
2442 960 2760 1045 utraque

442 1077 623 1151 falsa
680 1088 887 1173 puto,
992 1072 1186 1147 Nam
1244 1058 1471 1169 Elegi‘
1517 1071 1883 1168 vulgareS,
1934 1069 2264 1167 Epistola
2315 1085 2565 1143 autem
2619 1072 2760 1144 ob-

448 1222 688 1288 scura,
715 1186 867 1296 'quo
890 1196 1074 1270 vitio
1103 1196 1407 1268 minime
1432 1196 1845 1267 tenebatur.
1871 1192 2125 1266 'Natus
2151 1207 2265 1267 est
2291 1194 2430 1268 VI.
2464 1195 2580 1268 Id.
2604 1195 2763 1268 De-

445 1321 785 1407 cembri8‚
820 1319 910 1392 L.
942 1308 1165 1392 Cotta
1188 1333 1265 1395 et
1293 1318 1380 1390 L.
1414 1317 1798 1416 Torquato
1824 1318 2030 1391 Coss.
2083 1316 2432 1391 Decessit
2459 1317 2553 1390 V.
2587 1317 2761 1392 Kal.

450 1446 814 1520 Decemb.
857 1444 944 1516 C.
981 1442 1269 1516 Marcio
1305 1443 1717 1515 Censorino
1749 1454 1826 1514 et
1861 1441 1952 1513 C.
1991 1439 2254 1514 Asinio
2288 1434 2511 1515 Gallo
2548 1442 2763 1517 Coss,

448 1580 622 1668 post
657 1568 992 1642 nonum†
1045 1554 1124 1639 et
1174 1565 1867 1664 quinquagesimum
1907 1588 2211 1654 annum,
2267 1565 2563 1639 haerede
2603 1564 2769 1638 Au-

447 1702 671 1789 gusto
704 1689 947 1787 palam
980 1709 1442 1789 nuncupatO,
1476 1715 1648 1765 cum
1688 1702 2000 1787 urgente
2027 1689 2098 1763 vi
2135 1689 2581 1763 valetudinis
2606 1713 2769 1762 non

448 1813 818 1889 sufficeret
851 1812 943 1886 ad
971 1813 1462 1909 obsignandas
1497 1812 1960 1887 Testamenti
1998 1790 2300 1888 tabulas,
2385 1810 2768 1886 Humatus

455 1955 533 2017 et
603 1939 948 2014 conditus
1017 1951 1129 2011 est
1190 1935 1540 2011 extremis
1611 1935 1982 2035 Esquiliis,
2026 1936 2247 2035 juxta
2320 1934 2767 2010 Maecenatis

449 2062 843 2139 tumulum.

451 2344 584 2386 rere
610 2334 880 2403 apertum
901 2332 1011 2381 est.
1065 2322 1363 2382 Caeterum
1391 2322 1522 2382 haec
1550 2322 1782 2383 videtur
1810 2342 1939 2399 esse
1967 2322 2230 2403 epistolae
2258 2320 2566 2381 sententia.
2627 2322 2769 2380 Hu-

447 2424 778 2485 manissime
806 2435 1048 2483 accusat
1076 2425 1387 2503 Augustus
1412 2425 1762 2486 brevitatem
1789 2426 1924 2485 libri
1954 2424 2215 2495 Horatii,
2243 2443 2434 2504 eoque
2457 2424 2586 2503 ipso
2608 2421 2767 2481 indi-

449 2540 573 2600 cat,
592 2526 932 2587 selectione
957 2524 1113 2586 illius
1141 2545 1260 2585 non
1282 2527 1584 2587 satiatum.
1609 2530 1651 2589 J
1656 2547 1833 2587 oense
1857 2523 2057 2587 autem
2086 2527 2358 2606 impingit
2387 2527 2603 2586 Flacco
2624 2528 2768 2586 bre-

449 2631 647 2716 yitatis
673 2630 827 2690 illius
853 2629 1182 2701 consilium,
1226 2632 1419 2689 vereri
1448 2631 1636 2703 illum,
1676 2650 1753 2691 ne
1777 2645 1843 2690 se
1871 2632 2000 2710 ipso
2026 2632 2280 2707 majores
2307 2627 2424 2686 sint
2448 2627 2583 2684 libri
2610 2647 2769 2706 quos

450 2736 678 2796 ederet.
698 2733 907 2805 Addit,
928 2734 977 2794 si
998 2735 1138 2794 velit
1158 2746 1339 2813 poeta
1362 2736 1661 2796 volumina
1686 2735 1885 2796 facere
1910 2734 2004 2794 sui
2030 2732 2257 2802 similia,
2287 2733 2506 2792 debere
2527 2731 2628 2790 illa
2643 2750 2770 2790 non

450 2840 632 2916 longa
658 2836 894 2915 quidem
914 2856 1043 2894 esse
1072 2836 1298 2915 (cogita
1318 2836 1436 2906 hie,
1465 2837 1674 2906 lector,
1705 2836 1976 2898 volumen
2003 2835 2062 2893 iu
2088 2833 2303 2893 bacillo
2324 2853 2431 2892 suo
2459 2833 2551 2892 vel
2578 2832 2767 2912 longo

449 2917 546 2997 {rel
574 2936 739 2996 brevi
773 2936 1198 3008 convolutum),
1248 2936 1354 2995 sed
1398 2949 1594 2996 tamen
1634 2935 2038 2996 crassiuscula.
2121 2936 2328 3015 Itaque
2354 2933 2484 2995 licet
2510 2953 2621 3014 pro
2661 2935 2769 2994 illo

454 3039 689 3109 bacillo,
716 3037 819 3099 cui
846 3036 1158 3096 involvitur
1173 3037 1396 3108 charta,
1438 3038 1719 3097 adhibere
1741 3036 2144 3106 semermium,
2176 3034 2771 3114 cylindrum'brevem

450 3137 563 3202 sed
587 3141 966 3220 proportione
986 3159 1244 3201 erassum
1273 3147 1294 3217 (
1303 3153 1367 3200 ut
1391 3142 1441 3201 si
1461 3142 1623 3202 axim
1648 3154 1847 3221 aequet
1871 3142 1966 3202 vel
1991 3153 2231 3220 superet
2247 3139 2399 3200 adeo
2419 3139 2768 3211 diametroS,

455 3242 618 3320 quod
636 3242 694 3298 in
712 3240 995 3300 mensuris
1012 3242 1202 3319 parvis
1221 3242 1596 3321 liquidorum,
1616 3242 1801 3321 magis
1818 3242 1994 3302 etiam
2013 3242 2330 3313 aridorum,
2348 3242 2592 3302 solenne
2609 3247 2769 3328 est),

455 3363 588 3408 Quo
623 3343 733 3417 (ita
755 3341 1072 3419 legendum
1092 3362 1201 3420 pro
1228 3364 1372 3413 cum,
1399 3343 1559 3421 quod
1591 3354 1783 3401 ortum
1820 3343 2053 3406 videtur
2078 3362 2155 3402 ex
2193 3364 2379 3421 quom,
2421 3344 2502 3401 in.
2528 3346 2695 3424 quod
2740 3346 2774 3410 ἦ

456 3467 569 3525 quo
595 3444 845 3522 primum
873 3441 1026 3500 forte
1052 3453 1335 3520 corrupta
1354 3444 1469 3515 est)
1502 3444 1562 3501 h.
1589 3462 1644 3503 e.
1675 3463 1759 3503 ur
1788 3433 2058 3506 circuitus
2082 3445 2170 3503 tui
2189 3443 2507 3513 voluminis,
2521 3441 2774 3527 propter

459 3544 625 3601 illum
648 3542 744 3602 cui
763 3542 1089 3600 involutum
1115 3554 1207 3601 est
1225 3543 1632 3617 sextariolum,
1661 3546 1737 3607 sit
1757 3546 2192 3620 tumidissimuS,
2210 3549 2354 3607 sicut
2374 3557 2457 3607 est
2478 3545 2772 3608 cirouitus

453 3643 757 3703 ventriculi
779 3645 888 3702 tui.
971 3645 1176 3706 GEsN.
1827 3638 1832 3644 ¹

538 3749 576 3785 ⁴*
616 3749 766 3814 Quae
793 3749 891 3809 hic
919 3749 1270 3808 omittuntur
1308 3769 1347 3809 a
1382 3748 1584 3810 nescio
1612 3770 1731 3829 quo
1756 3753 2051 3812 nebulone
2081 3751 2328 3811 infarcta
2353 3763 2524 3820 sunt;
2568 3772 2774 3832 neque

458 3857 616 3918 enim
641 3861 829 3920 solum
858 3863 1186 3935 inhonesta,
1217 3883 1418 3922 verum
1447 3865 1628 3924 etiam
1662 3865 2007 3937 deridicula,
2030 3878 2092 3928 et
2129 3858 2444 3922 ἀσύστατα
2470 3865 2774 3930 videntur.

457 3963 751 4024 Daoerius
778 3964 954 4023 etiam
982 3965 1239 4043 prudens
1269 3965 1479 4026 omisit.

539 4072 574 4132 τ
619 4063 1068 4142 Rutgersius'ex
1101 4064 1433 4127 Eusebiano
1464 4068 1762 4128 Chronico
1805 4069 2064 4148 reposuit
2095 4071 2401 4149 Septimum
2425 4093 2451 4137 ,·
2498 4070 2784 4144 Chronoq

454 4163 667 4242 graphi
692 4163 1021 4242 dispiciant.
