3000 4979
480 314 612 374 440
1174 300 1264 376 Q.
1310 297 1729 364 'HORATII
1776 291 2127 362 FLACCI

749 477 1077 552 Tolleret3
1128 474 1305 552 Heu,
1342 469 1671 539 Fortuna!
1723 472 1867 558 quis
1898 484 1997 536 est
2026 469 2431 536 crudelioria
2493 472 2496 477 ’

758 588 861 654 Te
891 588 1046 651 deus
1067 585 1098 649 P
1144 599 1214 650 ut
1244 607 1497 670 semper
1526 582 1772 671 gaudes
1804 581 2074 651 illudens
2108 583 2298 647 rebus

762 695 1127 763 Humanis!
1179 696 1413 760 Varius
1444 717 1682 779 mappa
1711 714 2113 778 compescere
2145 694 2338 757 risum

760 810 891 872 Vix
924 819 1193 893 poterat.
1287 806 1573 883 BalatrO,
1608 804 2003 889 suspendens
2028 804 2253 868 omnia
2279 826 2443 881 uase,
2507 854 2514 859 .

587 923 671 987 65
767 919 935 985 Haec
965 933 1062 984 est
1091 917 1378 982 conditio
1409 916 1681 993 vivendi,
1714 915 1956 988 aiebat3
2001 937 2206 1001 eoque

763 1032 1177 1116 Responsura
1207 1041 1322 1093 tuo
1351 1050 1678 1114 nunquam
1714 1044 1808 1091 est
1839 1048 1956 1111 par
1987 1026 2157 1090 fama
2184 1025 2402 1091 labori.

765 1142 966 1219 Tene,
998 1154 1073 1205 ut
1102 1162 1225 1228 ego
1257 1139 1538 1223 accipiar
1568 1138 1761 1214 laute,
1796 1137 2153 1223 torquerier
2184 1135 2358 1199 omni

674 1312 677 1319 .
762 1250 1179 1317 Solicitudine
1209 1247 1623 1314 districtum?
1667 1271 1750 1314 ne
1779 1249 1962 1333 panis
1992 1246 2277 1325 adustus,

768 1361 871 1426 Ne
900 1362 1067 1426 male
1092 1361 1423 1426 conditum
1459 1363 1568 1446 jus
1601 1372 1965 1445 apponatur
1985 1358 2016 1422 P
2061 1371 2132 1424 ut
2160 1380 2381 1422 omnes

594 1484 680 1546 70
768 1475 1110 1540 Praecincti
1140 1486 1311 1539 recte
1342 1474 1527 1559 pueri
1553 1475 1881 1560 comtique
1911 1471 2276 1535 ministrent
2302 1467 2332 1532 ’.Ρ

765 1586 960 1651 Adde
992 1586 1108 1650 hos
1136 1599 1465 1672 praeterea
1481 1609 1666 1651 casus
1689 1609 1707 1662 3
1753 1585 1960 1649 aulaea
1987 1596 2179 1649 ruant
2207 1584 2283 1661 si,

768 1702 863 1765 Ut
891 1699 1123 1775 modo;
1173 1700 1225 1763 si
1257 1699 1541 1784 patinam
1574 1698 1740 1782 pede
1769 1698 1984 1782 lapsus
2015 1697 2268 1782 frangat
2302 1719 2500 1783 agaso·

771 1810 902 1875 Sed
932 1811 1377 1888 convivatoriS,
1413 1812 1504 1875 uti
1540 1809 1740 1885 ducis,
1775 1808 2103 1896 ingenium
2139 1829 2237 1871 res

768 1919 1077 1983 Adversae
1105 1919 1349 1985 nudare
1380 1922 1605 1998 solent,
1638 1920 1844 1986 celare
1877 1919 2196 1983 secundae.

594 2038 677 2100 75
770 2029 1157 2094 Nasidienus
1188 2029 1270 2094 ad
1301 2030 1479 2095 haec:
1530 2029 1683 2094 Tibi
1717 2029 1829 2107 Di,
1866 2051 2265 2116 quaecunque
2295 2028 2575 2114 preceris,

771 2139 1134 2205 Commoda
1163 2141 1316 2205 dent
1340 2166 1356 2218 3
1403 2143 1495 2205 ita
1524 2142 1622 2205 vir
1651 2141 1860 2206 bonus
1893 2165 1982 2217 eS,
2016 2141 2409 2227 convivaque
2437 2136 2631 2203 comis·

764 2249 854 2313 Et
883 2250 1086 2315 soleas
1118 2253 1342 2336 poscit.
1431 2263 1568 2315 tum
1602 2253 1665 2314 in
1699 2251 1867 2316 lecto
1900 2273 2154 2338 quoque
2185 2251 2434 2316 videres

774 2359 1057 2425 Stridere
1089 2374 1333 2426 secreta
1360 2361 1600 2425 divisos
1630 2384 1784 2425 aure
1816 2383 2127 2425 susurros·

771 2477 815 2547 ῚΙ
850 2469 1084 2536 Nullos
1117 2471 1216 2536 his
1246 2470 1500 2537 mallem
1532 2470 1718 2536 ludos
1749 2485 2066 2556 spectasse
2094 2500 2108 2538 :
2156 2470 2268 2537 sed
2302 2470 2411 2535 illa

597 2593 682 2650 80
774 2585 1023 2663 Redde,
1057 2609 1198 2673 age,
1232 2609 1376 2672 quae
1407 2586 1706 2671 deinceps
1738 2586 1954 2650 risisti.
2047 2591 2093 2661 Ἦ
2128 2585 2429 2650 Vibidius
2459 2583 2604 2647 dum

767 2697 1024 2773 Quaerit
1053 2699 1135 2763 de
1165 2701 1398 2784 pueriS,
1434 2723 1590 2764 num
1622 2700 1706 2764 sit
1736 2723 1992 2787 quoque
2024 2701 2222 2765 fracta
2252 2700 2502 2787 lagena,

773 2810 972 2886 Quod
1004 2811 1126 2876 sibi
1156 2814 1444 2898 poscenti
1477 2836 1610 2877 non
1640 2814 1876 2880 dentur
1906 2815 2179 2900 pocula3
2227 2812 2514 2901 dumque

734 3069 793 3117 71
829 3071 962 3108 ruent
989 3062 1099 3110 Vere.
1124 3061 1255 3109 Glar.
1386 3074 1414 3121 7
1416 3076 1445 3132 5
1480 3063 1673 3125 preceris
1695 3078 1840 3112 tuetur
1860 3065 2007 3111 Bentl.
2027 3062 2217 3127 precaris
2237 3063 2312 3110 ve!
2332 3075 2510 3126 precare
2531 3059 2591 3106 al.

580 3233 645 3285 62
678 3237 1156 3300 Deus,Epicoeno,seu
1173 3239 1429 3303 promiscuo
1447 3242 1650 3299 Genere,
1710 3241 1928 3304 ejusmodi
1952 3257 2130 3288 servum
2143 3214 2381 3287 sordidum
2394 3223 2790 3284 adhibueritaddbss

517 3299 703 3356 dicitur,
721 3315 772 3349 ut
794 3304 968 3351 Graecis
993 3305 1116 3357 Θαίς.
1713 3307 2012 3369 apponendos.
2048 3308 2111 3353 Z.

580 3363 647 3424 64
680 3368 940 3432 Suspendens
982 3376 1121 3417 omnia
1159 3387 1261 3417 naso
1279 3392 1295 3424 ,-
1355 3371 1533 3417 detorto
1592 3372 1645 3418 ad
1779 3385 1841 3431 74
1876 3373 2082 3428 Νικίαι-ε,
2101 3370 2346 3432 propalare.

515 3430 739 3481 rhonchos
777 3445 825 3480 et
859 3449 1036 3490 sannas,
1078 3448 1125 3481 et
1163 3436 1406 3482 identidem
1445 3451 1646 3482 excusso.
1780 3449 1834 3495 75
1875 3439 1954 3483 Ad
1971 3436 2073 3492 hec,
2092 3436 2248 3496 supple
2271 3437 2406 3481 dixit.

518 3497 719 3548 Culmus
756 3515 930 3546 excusso
965 3501 1173 3563 populum
1228 3503 1469 3564 suspendere
1529 3519 1647 3548 naso.
1780 3501 1840 3561 76
1879 3502 2114 3557 Commoda,
2134 3501 2266 3556 bona,
2287 3499 2360 3546 vel
2381 3499 2537 3546 animo
2557 3509 2634 3543 tuo
2652 3501 2762 3552 grm-

517 3560 714 3609 Persius.
1782 3568 1938 3622 Con-is,
1955 3568 2121 3622 suavis,
2140 3565 2295 3613 civilis.

580 3624 648 3674 66
684 3628 775 3676 Tuo
790 3651 809 3683 ς
857 3641 980 3677 certa
1019 3629 1217 3677 Persona
1252 3645 1333 3692 pro
1370 3630 1554 3677 incerta.
1598 3632 1651 3677 B.
1781 3642 1839 3692 77
1879 3630 2034 3685 Soleus,
2071 3631 2278 3694 calopodes
2318 3631 2379 3676 ad
2419 3625 2692 3693 reparandu-
2717 3631 2798 3690 ,ΜΤ

519 3691 764 3750 Putabam,
794 3710 1047 3745 sennonem
1089 3696 1309 3742 directum
1350 3697 1406 3741 ad
1443 3696 1652 3743 Nasidie-
1716 3699 1912 3744 vivian.
1944 3697 2056 3743 Vct.
2077 3695 2228 3743 Schol.
2246 3695 2391 3756 Cmq.
2459 3698 2578 3740 Nam
2594 3684 2797 3735 accubitum

517 3771 645 3806 num·
1713 3763 1993 3824 deponebant
2015 3760 2184 3808 soleas:
2217 3772 2345 3806 erant
2380 3771 2537 3805 autem
2570 3753 2707 3804 solet,
2738 3756 2797 3790 ’ω

584 3821 646 3880 67
687 3821 833 3877 ‘Teum
870 3825 1026 3887 supple
1049 3827 1192 3880 decet,
1213 3825 1285 3872 vel
1306 3841 1486 3887 aequum
1514 3837 1596 3873 est.
1712 3827 1972 3889 crepidulae,
1993 3825 2237 3874 domestica
2257 3824 2572 3872 calceamenta.
2604 3818 2653 3864 B·
2706 3806 2800 3882 vu?

585 3885 650 3934 ⁶8
684 3889 969 3944 Discrimina,
989 3891 1231 3948 divulsum,
1249 3891 1530 3938 distractum.
1711 3892 1847 3948 exire,
1867 3904 1912 3940 et
1936 3893 2154 3953 imperare
2196 3890 2442 3937 necessaria
2475 3884 2665 3935 triclinio
2698 3886 2802 3926 tem·

585 3963 649 4010 70
681 3953 830 4008 Recte»
845 3957 900 4001 ad
922 3971 1134 4014 unguem·
1712 3958 1902 4014 tuendo,
1921 3957 2145 4004 rediturus
2167 3973 2212 4001 v.
2229 3953 2306 4013 84.
2340 3956 2405 4002 G.

586 4027 644 4075 71
682 4017 870 4066 Comice
891 4020 962 4067 hos
984 4036 1064 4082 pro
1084 4021 1320 4082 ejusmodi.
1779 4023 1907 4079 Tum,
1924 4033 2161 4084 postquam
2182 4021 2468 4068 discessisset.

585 4093 648 4140 72
682 4083 819 4129 Certe
857 4086 998 4145 magis
1037 4085 1125 4135 hoc
1164 4087 1361 4146 agasonis
1390 4099 1485 4135 erat
1508 4103 1644 4150 quam
1778 4087 1838 4146 78
1873 4088 2075 4135 Str-idere
2093 4108 2110 4140 ,·
2148 4089 2369 4134 notandum
2408 4099 2476 4133 est
2505 4083 2618 4149 quod
2654 4085 2693 4129 iae
2734 4079 2805 4140 ὶΡ·

512 4148 744 4195 commodi
776 4148 987 4197 ministri.
1050 4153 1208 4216 Agaso
1229 4155 1265 4198 is
1284 4156 1463 4216 proprie
1485 4163 1548 4199 est
1567 4156 1643 4216 qui
1709 4171 1844 4201 versu
1887 4157 1946 4200 sit
1998 4156 2191 4200 imitatus
2251 4155 2434 4199 soaeitun
2496 4151 2674 4197 susurri.
2719 4144 2816 4188 V&

498 4214 701 4277 juventa
726 4224 890 4261 tractat
905 4238 921 4270 ,·
956 4216 1024 4262 bic
1060 4227 1202 4263 autem
1242 4215 1433 4281 Satyrice
1472 4219 1645 4283 :ignifi-
1709 4217 1861 4266 schol.
1882 4220 2026 4281 Cruq.

511 4288 583 4324 cae
614 4294 819 4332 „escarum
872 4283 1131 4335 ministrum.
1177 4301 1296 4345 quem
1345 4283 1476 4347 vulgo
1510 4288 1645 4333 nonci-
1773 4286 1981 4340 Divisae,
2000 4282 2272 4346 dispertitos.

513 4353 621 4390 nane
664 4344 942 4407 Infertprem.
1027 4348 1139 4394 Vct.
1178 4347 1333 4396 Schol.
1380 4347 1524 4411 Cruq.
1589 4351 1644 4396 B.
1774 4349 1838 4398 80
1872 4351 2026 4409 Redde,
2046 4349 2183 4409 refer,
2201 4363 2348 4396 narra.

511 4412 672 4474 Agaso
691 4409 886 4474 peitinet
904 4410 958 4457 ad
981 4411 1275 4461 Nasidienum
1294 4410 1548 4474 ridendum,
1564 4416 1642 4478 qui
