3000 4979
1096 313 1184 391 Q.
1228 310 1658 378 HORATH
1705 310 2050 380 FLACCI

694 488 998 558 Membra
1024 487 1226 568 dedit,
1272 501 1539 578 vegetus
1568 489 1941 577 praescripta
1966 491 2050 556 ad
2079 492 2306 557 munia
2334 498 2559 585 surgit.

697 606 834 670 Hic
862 615 1075 669 tamen
1107 601 1189 665 ad
1218 601 1444 665 melius
1471 603 1715 687 poterit
1743 614 2181 669 transcurrere
2211 607 2570 695 quondam:

699 720 850 786 Sive
877 717 1049 781 diem
1078 714 1309 778 festum
1341 713 1595 778 rediens
1625 715 1971 780 adduxerit
1999 738 2229 794 annuS,

696 836 824 900 Seu
854 850 1141 894 recreare
1169 827 1342 892 volet
1368 840 1705 893 tenuatum
1735 850 1971 914 corpus
1987 853 2005 905 3
2053 829 2293 917 ubique

528 957 614 1015 85
707 942 1040 1010 Accedent
1068 938 1243 1017 anni,
1284 949 1355 1003 et
1381 940 1647 1003 tractari
1677 939 1933 1004 mollius
1964 954 2121 1005 aetas

702 1050 1028 1121 Imbecilla
1059 1049 1250 1115 volet.
1342 1049 1458 1112 tibi
1488 1050 1799 1137 quidnam
1831 1043 2090 1115 accedet
2119 1050 2204 1115 ad
2234 1052 2441 1127 istam,

699 1166 915 1242 Quam
942 1183 1103 1248 puer
1129 1172 1196 1225 et
1223 1160 1469 1227 validus
1496 1161 1856 1246 praesumiS,
1903 1161 2271 1237 mollitiem3
2317 1184 2429 1225 seu

701 1276 891 1342 Dura
919 1271 1220 1336 valetudo
1251 1271 1567 1351 inciderit,
1614 1295 1726 1338 seu
1755 1273 1941 1338 tarda
1970 1270 2310 1337 senectus?

707 1384 1072 1452 Rancidum
1104 1405 1333 1469 aprum
1363 1384 1612 1471 antiqui
1643 1383 2013 1461 laudabant,
2060 1405 2190 1448 non
2225 1383 2379 1469 quia
2411 1402 2600 1445 nasus

534 1514 621 1579 90
711 1501 848 1567 Illis
876 1498 1092 1564 nullus
1120 1510 1279 1575 erat,
1327 1496 1459 1575 sed,
1506 1497 1721 1576 credo,
1768 1497 1892 1562 hac
1923 1512 2157 1575 mente,
2202 1495 2377 1583 quod
2409 1494 2636 1579 hospes

710 1611 990 1677 Tardius
1021 1609 1364 1675 adveniens
1396 1610 1685 1674 vitiatum
1719 1609 2141 1687 commodius,
2189 1630 2381 1696 quam

710 1721 1040 1807 Integrum
1070 1719 1239 1784 edax
1266 1721 1568 1785 dominus
1599 1733 2022 1787 consumeret.
2115 1720 2265 1786 Hos
2298 1719 2538 1785 utinam
2570 1716 2747 1781 inter

711 1831 970 1897 Heroas
1000 1845 1223 1897 natum
1254 1832 1441 1900 tellus
1472 1856 1576 1899 me
1608 1833 1820 1920 prima
1849 1831 2137 1898 tulisset!

447 2038 518 2105 83
550 2040 780 2091 advexerit
798 2045 928 2089 etiam
954 2040 1023 2088 H.
1043 2039 1202 2088 Lamb.
1222 2049 1265 2088 et
1286 2042 1433 2090 Bentl-

1580 2038 1644 2099 84
1675 2039 1788 2089 velit
1810 2039 1860 2087 S.

2002 2038 2065 2099 87
2099 2057 2213 2104 puer
2235 2041 2456 2090 invalidus
2479 2041 2603 2090 MS.
2622 2041 2800 2089 Bm..

842 2118 902 2167 91
936 2106 1148 2153 vitiatum
1170 2125 1325 2166 omnes,
1354 2110 1483 2155 etiam
1512 2108 1604 2172 ipse
1629 2108 1791 2171 Cruqu.
1855 2105 2039 2154 vitiaret
2059 2109 2207 2155 Baxt.
2239 2108 2298 2155 V.
2319 2108 2407 2156 No.

526 2292 586 2345 81
625 2294 750 2342 Bene
777 2295 1084 2358 prescripta:
1119 2310 1223 2342 nam
1257 2295 1452 2342 Veteres
1482 2311 1599 2357 quo·

464 2377 551 2424 que
586 2375 718 2406 mane
740 2372 845 2419 quae
866 2358 946 2407 illo
966 2360 1038 2407 die
1053 2360 1205 2433 pcturi
1238 2372 1370 2409 erant
1391 2360 1438 2407 in
1458 2360 1599 2407 diaria

459 2442 542 2474 sua
562 2424 830 2472 referebant.

530 2489 596 2541 82
630 2489 944 2539 Transcurrere
976 2489 1151 2554 proprie
1184 2489 1402 2540 dicuntur
1426 2489 1603 2538 Trans-

463 2558 603 2618 fugae,
632 2555 711 2618 qui
731 2566 915 2604 mutant
936 2569 1097 2619 partes.

559 2623 824 2689 Quondam3
908 2622 1253 2687 quandocunque,
1315 2620 1604 2671 Adverbiuu

468 2690 591 2736 medii
627 2688 841 2751 temporis.
870 2686 983 2733 Vet-
1002 2687 1153 2735 Schol.

541 2752 692 2799 Tamen
725 2750 919 2799 refertur
953 2753 1008 2799 ad
1043 2769 1094 2800 ea
1117 2749 1221 2816 q'uae
1257 2752 1306 2798 in
1338 2751 1492 2798 animo
1521 2766 1604 2798 suo

465 2828 738 2880 conceperat
771 2831 851 2879 per
884 2817 1212 2881 Aposiopesin3
1242 2816 1292 2864 h.
1324 2832 1365 2863 e.
1392 2815 1604 2864 Tametsi

471 2882 599 2931 tenui
622 2894 668 2929 et
689 2896 822 2944 parco
842 2881 965 2929 victu
987 2895 1225 2931 contentus
1246 2881 1382 2929 vivat.

538 2947 600 3009 83
634 2949 891 2997 Advexerit
925 2963 1020 2995 non
1056 2950 1293 2996 adduxerit
1325 2946 1491 2994 Lectio
1538 2956 1607 2994 est

472 3014 674 3079 plurium
697 3012 940 3060 Codicum:
979 3013 1109 3061 nobis
1141 3026 1294 3061 tamen
1322 3012 1494 3075 placuit
1521 3011 1607 3059 ad-

474 3081 655 3128 duxerit
667 3098 684 3126 :
718 3093 824 3125 nam
841 3077 998 3125 advehi
1015 3079 1228 3127 dicuntur
1246 3092 1416 3125 merces
1432 3091 1536 3140 quae
1553 3078 1608 3123 de

476 3142 783 3193 transmarinis
802 3143 1001 3206 partibus
1024 3145 1342 3208 importantur.
1409 3142 1542 3205 Qin
1564 3152 1612 3190 et

471 3212 609 3258 video
656 3209 926 3271 scripturam
979 3208 1109 3257 istam
1163 3207 1404 3271 superioris
1458 3205 1613 3255 saeculi

476 3275 740 3324 Editoribus
771 3273 902 3322 unice
935 3273 1169 3337 placuisse.
1236 3272 1447 3321 Bentleio
1473 3272 1616 3335 magis

468 3341 646 3405 placuit
668 3342 917 3397 advexerit,
945 3341 1029 3387 etsi
1047 3356 1134 3388 vox
1156 3339 1215 3387 sit
1236 3338 1432 3387 nautica.

544 3405 609 3463 84
643 3404 886 3460 Recreare,·
937 3403 984 3451 h.
1014 3421 1056 3452 e.
1097 3404 1270 3452 efficere
1324 3415 1379 3453 ut
1431 3416 1613 3450 rursum

465 3482 663 3521 crescat.

490 3551 493 3556 ·
550 3537 790 3585 Tenuatna
810 3553 881 3583 eor
913 3553 961 3582 ω
975 3555 992 3588 ,·
1027 3532 1077 3582 h.
1096 3551 1135 3581 e.
1167 3534 1376 3582 amissam
1403 3548 1611 3581 carnem:

476 3619 589 3650 nam
642 3602 810 3650 usitato
899 3598 1190 3647 harientismo
1235 3601 1396 3665 Corpus
1450 3598 1619 3646 dicitur

483 3669 637 3725 Caro3
671 3667 740 3714 uti
761 3679 809 3715 et
831 3665 1090 3714 stomachus
1111 3676 1158 3712 et
1179 3664 1307 3711 virile
1341 3664 1614 3712 membrum.

483 3733 617 3780 Hinc
633 3732 783 3780 amitti
804 3732 972 3780 dicitur
992 3746 1177 3795 corpus,
1190 3730 1268 3778 ubi
1284 3730 1385 3792 quis
1406 3729 1623 3777 macilen-

478 3809 561 3846 tus
581 3797 745 3844 evadit.

556 3864 720 3927 Ubique
757 3863 896 3911 modo
931 3861 1044 3909 dixit
1079 3877 1162 3925 pro
1190 3874 1236 3909 et
1265 3861 1353 3908 ubi.
1398 3860 1455 3907 B.
1518 3858 1623 3909 Nec

479 3933 602 3992 opus
623 3940 690 3975 est
712 3927 823 3975 illud
845 3928 1013 3975 mutari
1033 3927 1082 3974 in
1105 3927 1252 3974 ubive.
1295 3929 1359 3974 G.

556 3991 615 4054 85
651 3994 743 4040 Per
782 3992 1168 4040 charientismum
1207 3995 1314 4039 anm·
1349 3989 1504 4055 posuit
1539 4006 1625 4054 pro

483 4070 712 4107 senectus-

556 4121 619 4173 86
654 4122 755 4170 Tibi
786 4124 1019 4186 quidnam,-
1054 4122 1302 4184 prudenter
1334 4134 1490 4169 monet
1528 4137 1630 4182 gra·

488 4189 698 4237 vissimus
734 4199 890 4235 auctor
919 4187 1165 4234 Medicinae
1196 4187 1437 4236 Cornelius
1457 4186 1635 4245 Celsus,

1728 2293 1996 2349 Praesnnis,
2034 2304 2136 2340 ante
2177 2304 2359 2356 ternpus
2400 2307 2574 2354 capere,
2603 2308 2647 2338 v.
2681 2308 2728 2339 e.
2759 2290 2809 2339 in

1660 2359 1876 2424 pueritia,
1906 2358 1954 2405 in
1975 2357 2096 2405 bona
2116 2344 2394 2414 vaietndine,
2422 2356 2644 2420 quotidie.
2691 2359 2764 2404 Z.

1730 2420 1794 2473 88
1830 2425 1989 2480 Dura,
2015 2422 2064 2471 h.
2097 2439 2137 2470 e.
2180 2424 2323 2483 gravis
2353 2435 2400 2470 et
2443 2438 2611 2484 asper-a.
2681 2422 2813 2470 Nam

1663 2492 1870 2538 valetudo
1905 2505 2007 2537 cum
2048 2488 2106 2537 sit
2139 2488 2225 2537 «νῦν
2257 2487 2417 2551 μίαν,
2448 2489 2585 2535 modo
2618 2488 2816 2549 ponitur

1666 2571 1751 2620 pro
1772 2555 1945 2602 morbo.
2001 2555 2092 2602 Per
2114 2554 2501 2603 charientismum
2531 2558 2663 2601 duros
2701 2553 2822 2600 diei-

1666 2637 1769 2668 mus
1790 2636 1930 2668 saevos
1953 2631 1999 2667 et
2020 2620 2236 2667 immites.

1735 2686 1889 2733 Tarda
1898 2706 1916 2740 ,-
1959 2684 2300 2750 Metonymice,
2319 2686 2442 2749 quod
2461 2684 2614 2733 tardos
2632 2695 2689 2731 et
2703 2684 2822 2731 inu-

1668 2750 1772 2799 tiles
1792 2750 1974 2798 efficiat.

1730 2815 1809 2928 l8¹9l
1834 2815 2094 2874 Rancidua,
2151 2816 2314 2864 leviter
2372 2824 2607 2881 putentem.

1671 2884 1728 2930 Sc
1764 2899 1792 2928 o
1814 2914 1827 2928 .

1735 2959 1796 3010 91
1829 2946 1982 2994 Vetus
2013 2947 2117 2993 Inte
2169 2961 2239 2993 res
2268 2960 2372 2993 cum
2408 2944 2587 2993 duobus
2618 2944 2828 3008 Cruqm‘i

1671 3010 1851 3075 scriptis
1873 3011 2117 3059 Codicibus
2156 3025 2341 3071 egerunt
2364 3014 2553 3058 vitiaret
2573 3025 2663 3072 pru
2684 3014 2826 3056 vitin-

1675 3092 1782 3126 nm.
1852 3075 1966 3124 Ordo
1999 3093 2092 3124 curn
2130 3077 2202 3123 hoc
2235 3095 2356 3124 sensu
2370 3095 2387 3129 ‚-
2433 3078 2544 3141 qvod
2570 3079 2826 3122 con-udins

1674 3145 1819 3207 hospes
1857 3143 2048 3189 vitiaret
2081 3156 2327 3198 servatum,
2356 3158 2484 3204 quam
2516 3154 2659 3187 rern-
2692 3144 2829 3189 abei-

1676 3227 1757 3256 κω
1787 3207 2037 3255 absumeret.
2101 3207 2213 3254 Ver.
2250 3206 2402 3253 Schol.
2476 3207 2829 3254 Annotationes

1678 3273 1736 3320 ad
1756 3285 1849 3321 tres
1870 3272 2204 3334 antiquissimos
2229 3271 2426 3333 Cruquii
2446 3271 2644 3319 Codices
2667 3273 2831 3318 redde·

1677 3339 1788 3386 bant
1809 3341 2019 3394 vitiaret,
2051 3338 2383 3401 reprehenderet.
2450 3336 2722 3383 ennodius
2755 3340 2835 3383 vi-

1681 3407 1832 3462 tiaret,
1862 3403 1984 3465 quod
2024 3402 2212 3450 mallent
2244 3401 2470 3465 hospitem
2502 3417 2607 3447 eum
2644 3402 2839 3465 vitupe-

1681 3484 1794 3516 rare.
1859 3467 2094 3515 Bentleius
2125 3467 2315 3515 retinuit
2351 3470 2569 3514 vitiatu-
2605 3468 2740 3527 quod
2783 3470 2835 3514 in

1681 3533 1833 3582 Editis
1853 3532 2040 3594 legerat,
2055 3545 2212 3580 contra
2233 3544 2500 3580 consuetum
2522 3531 2610 3578 sibi
2633 3548 2840 3579 morem„

1682 3601 1739 3647 B.
1823 3598 1964 3661 Quod
2015 3598 2355 3656 existimabant,
2405 3596 2572 3644 melius
2624 3613 2746 3655 ense,
2799 3597 2841 3645 si

1682 3665 1845 3727 hospes
1881 3678 2060 3726 aprum,
2091 3663 2324 3711 rancidum
2358 3663 2531 3710 factum
2564 3662 2624 3709 ob
2649 3664 2842 3712 dintur—

1685 3731 1859 3778 niorem
1882 3728 2231 3776 reservationem
2250 3729 2307 3775 ad
2325 3730 2570 3775 adventum
2588 3729 2713 3790 ejus,
2736 3730 2845 3776 ede-

1685 3807 1774 3851 ret,
1816 3808 1951 3856 quam
1974 3794 2011 3840 si
2034 3794 2188 3841 nullus
2224 3793 2289 3841 illi
2322 3804 2651 3857 apponeretur,
2687 3796 2846 3843 statim

1686 3875 1842 3908 recens
1863 3877 1887 3907 a
1908 3859 2227 3921 patrefamilias
2247 3871 2528 3907 consumtus.
2575 3860 2646 3907 Ζ.

1753 3937 1817 3987 92
1850 3926 2107 3989 Integrunu
2139 3925 2335 3985 Dilogue
2367 3936 2518 3972 totum
2543 3937 2593 3972 et
2616 3940 2720 3974 non
2742 3941 2850 3974 eut·

1689 4003 1896 4054 ruptum,
1925 3990 2046 4053 quod
2068 4001 2115 4037 et
2136 3990 2249 4037 Vet.
2269 3989 2421 4037 Schol.
2441 3989 2690 4050 significat.

1756 4068 1818 4117 93
1855 4057 2038 4104 Dicitur
2084 4069 2187 4102 ante
2235 4058 2329 4102 deos
2371 4065 2480 4101 nata
2522 4074 2613 4103 esse
2670 4057 2848 4104 Tem.-

1693 4123 1801 4169 mire
1821 4124 1891 4168 air
1914 4124 2069 4186 prium
2093 4121 2256 4175 Tellus,
2287 4122 2363 4168 illo
2393 4123 2503 4169 eninr
2535 4132 2738 4185 tenpore
2771 4141 2854 4187 qne

1696 4186 1902 4234 Mundus
1945 4205 2000 4233 ex
2042 4186 2297 4234 discordibus
2341 4188 2388 4232 in
2423 4187 2538 4232 hauc
2582 4191 2854 4235 cmc-rdia-

2707 2816 2825 2862 Vet-

487 4274 572 4302 non
621 4253 896 4302 consumenda
940 4271 1028 4301 esse
1062 4254 1268 4318 presidia
1319 4255 1542 4301 senectutis
1586 4253 1630 4298 in
1680 4253 1909 4315 formatus
1930 4261 2009 4309 est,
2037 4269 2094 4298 ex
2115 4263 2236 4299 terra
2253 4253 2452 4316 generati
2469 4254 2731 4300 traduntur
2752 4254 2856 4301 He·

468 4324 728 4387 juventute.

1698 4335 1804 4373 roes,
1834 4318 2026 4364 indocilis
2067 4318 2202 4365 turba
2244 4319 2467 4365 vitiorum.
2532 4319 2656 4365 Vet.
2701 4318 2857 4366 Schol-

558 4384 621 4445 87
655 4383 893 4430 Mollitiem
928 4385 1065 4431 modo
1085 4398 1167 4447 pro
1187 4382 1369 4432 delicias
1397 4383 1552 4448 posuit
1585 4394 1632 4432 et
1699 4382 1820 4429 Haec
1842 4398 2022 4445 quoque
2044 4381 2314 4430 exclamatio
2333 4382 2672 4443 repentina,ob
2693 4399 2855 4447 aprum

491 4466 675 4501 suavem
687 4448 888 4495 victum.
930 4448 985 4494 B.

1700 4448 1952 4508 rancidum,
2003 4448 2165 4498 rustici
2196 4460 2245 4496 et
2275 4447 2490 4511 simplicis
2534 4448 2744 4498 hominis
2784 4461 2856 4495 est
