3000 4979
765 954 1193 1032 METRA
1264 952 2016 1030 HORATIANA.

857 1268 998 1351 Ch.
1026 1288 1204 1350 Wase
1234 1287 1550 1351 Ambrosio
1579 1287 1899 1349 Bonwicke

1311 1574 1493 1639 S.S·

256 1923 551 1990 Autssos
580 1933 679 1990 tot
706 1924 923 2014 magni
954 1923 1120 1991 inter
1151 1925 1421 1992 Graecos
1459 1922 1742 1989 nominis
1789 1922 2043 2011 Lyricae
2084 1923 2360 2001 Poeseos
2404 1952 2557 2001 auc-

256 2048 422 2103 tores
454 2060 623 2103 unus
654 2038 849 2103 nobis
883 2037 1200 2105 Horatius
1232 2038 1402 2118 facit,
1432 2049 1506 2104 ut
1536 2037 1740 2103 lenius
1770 2036 2218 2106 desideremuS.
2307 2043 2562 2119 Placuit

246 2149 450 2238 igitur
481 2152 706 2217 seculis
736 2152 976 2241 ingenii
1029 2152 1204 2230 felix,
1247 2151 1530 2218 numeris
1583 2152 1888 2216 curiosus.
1979 2151 2341 2222 Horatiana
2390 2174 2563 2227 certe

248 2280 457 2328 metra
492 2262 844 2329 Diomedes
876 2278 940 2330 et
975 2263 1227 2330 Marius
1280 2262 1675 2339 VictorinuS,
1732 2273 1966 2348 praeter
2002 2263 2289 2331 Plocium
2318 2281 2386 2335 et
2417 2272 2563 2347 Ati-

249 2372 410 2442 lium
446 2374 1004 2453 Fortunatianum,
1056 2396 1139 2439 ex
1187 2373 1469 2459 professo
1496 2373 1768 2459 posteris
1800 2372 2118 2458 explicata
2147 2376 2561 2465 reliquerunt.

254 2485 601 2573 specimen
652 2484 1006 2558 eorundem
1055 2483 1126 2548 in
1182 2483 1441 2550 brevem
1479 2480 1778 2549 tabellam
1817 2483 2173 2568 conjectum
2209 2489 2564 2557 continenti

252 2594 541 2660 carmine
577 2594 937 2674 PetroniuS,
980 2595 1265 2682 quisquis
1295 2595 1349 2659 is
1379 2592 1519 2671 fuit,
1570 2577 1936 2673 (nam‘alios
1979 2595 2258 2680 ejusdem
2290 2601 2566 2666 nominis

252 2704 379 2770 alia
408 2718 569 2770 aetas
599 2703 772 2786 tulit)
819 2705 888 2769 in
932 2704 1162 2792 vulgus
1210 2702 1432 2769 edidit.
1524 2703 1632 2773 Ad
1662 2702 1830 2768 istud
1861 2705 2219 2791 exemplum
2253 2709 2567 2798 magistri,

254 2836 532 2903 quorum
564 2813 917 2901 disciplinae
948 2814 1134 2903 origo
1163 2815 1325 2879 mihi
1357 2827 1572 2880 tecum
1604 2816 1963 2880 communis
1999 2813 2138 2894 fuit,
2179 2832 2337 2904 quot
2377 2822 2568 2907 septi-

254 2925 469 2990 manis
504 2936 750 2990 mutato
779 2924 991 3002 titulo,
1041 2946 1159 2989 nos
1205 2925 1447 2989 tirones
1491 2923 1576 2989 ad
1630 2923 2032 3013 multijugam
2073 2924 2266 3013 Lyrae
2314 2928 2568 2997 Latinae

256 3033 765 3100 modulationem
796 3048 1237 3102 exercuerunt.
1326 3035 1430 3100 Ita
1457 3034 1646 3099 velim
1689 3034 1813 3100 hoc
1858 3036 2101 3100 nomini
2144 3049 2256 3102 tuo
2301 3040 2573 3127 inscrip-

258 3154 395 3207 tum
450 3143 753 3231 accipias,
789 3145 880 3210 ita
928 3145 1185 3223 tueariS,
1241 3169 1373 3211 non
1426 3160 1728 3231 tanquam
1780 3146 2041 3232 aliquod
2093 3168 2398 3235 magnum
2458 3164 2571 3215 aut

259 3274 526 3332 novum,
560 3253 674 3319 sed
704 3266 777 3319 ut
806 3254 1146 3343 indignum
1168 3255 1345 3342 quod
1375 3255 1443 3318 in
1474 3253 1959 3319 desuetudinem
1990 3254 2198 3333 abeat,
2230 3269 2376 3321 cum
2406 3257 2473 3322 in
2505 3282 2574 3324 se

262 3375 512 3430 tantum
547 3362 784 3429 habeat
816 3364 1202 3450 compendii.
1294 3363 1516 3428 Tuum
1560 3364 1680 3428 erit
1711 3364 1912 3428 vicem
1955 3366 2302 3448 Pasiphaes
2343 3367 2574 3434 substi-

264 3487 465 3552 tuere,
523 3474 865 3558 Daphnen,
918 3475 1334 3551 Phaethonta,
1388 3474 1699 3538 Cadmum.
1823 3473 2156 3550 Quantum
2212 3480 2576 3565 argumenti

259 3586 399 3651 veri
429 3598 545 3649 aut
573 3583 844 3650 fabulosi
875 3584 1133 3662 eminet,
1174 3582 1507 3647 materiam
1555 3583 2025 3669 suppeditabit3
2074 3585 2269 3650 modo
2300 3610 2381 3660 ne
2412 3589 2578 3654 desit

260 3692 557 3760 afflatus:
657 3691 851 3759 Ultro
883 3693 1086 3782 rapiet
1112 3692 1195 3759 ad
1228 3716 1295 3758 se
1318 3714 1696 3784 generosam
1731 3694 2361 3781 urbanaejuventutis
2390 3697 2576 3764 indo-

260 3804 416 3881 lem,
448 3803 520 3867 ni
553 3801 764 3880 fallor,
796 3803 1023 3871 artifex
1066 3803 1340 3892 pagium
1389 3826 1517 3890 quo
1541 3804 1773 3875 rectius
1797 3806 1880 3874 ad
1901 3803 2402 3893 Ditliyrambum
2423 3829 2581 3874 con-

261 3912 553 3980 tendant.
657 3913 825 3978 Vale.
