3000 4979
1045 276 1442 342 EPODQN
1499 276 1808 342 LlssER.
2476 281 2598 361 ,γι

612 450 917 518 Petamus
947 475 1121 530 arva,
1153 453 1381 517 divites
1413 468 1476 517 et
1508 452 1782 527 insulas;

527 563 772 629 Reddit
802 563 912 628 ubi
947 562 1251 628 Cererem
1283 562 1473 651 tellus
1506 564 1752 628 inarata
1781 562 2148 649 quotannis,

620 673 707 738 Et
736 675 1051 759 imputata
1082 675 1268 738 floret
1301 697 1505 760 usque
1534 675 1743 752 vinea,

534 780 881 846 Germinat
910 794 975 845 et
1003 802 1333 867 nunquam
1364 779 1641 844 fallentis
1673 793 1905 845 termes
1934 777 2141 854 olivae,

615 891 942 977 Suamque
974 891 1155 974 pulla
1184 890 1345 956 ficus
1375 905 1564 955 ornat
1595 890 1930 964 arborem;

533 998 739 1064 Mella
769 1022 923 1064 cava
954 1014 1217 1065 manant
1246 1023 1327 1064 ex
1357 1000 1539 1076 ilice3
1589 1000 1914 1064 montibus
1945 998 2087 1063 altis

623 1109 815 1174 Levis
846 1127 1154 1197 crepante
1195 1111 1460 1199 lympha
1489 1110 1700 1176 desilit
1728 1111 1907 1197 pede.

543 1218 684 1284 Illic
716 1221 972 1305 injussae
1004 1222 1268 1286 veniunt
1297 1220 1377 1286 ad
1411 1220 1684 1286 mulctra
1712 1220 1997 1306 capellae,

625 1328 978 1416 Refertque
1010 1345 1189 1399 tenta
1217 1354 1378 1419 grex
1411 1332 1652 1395 amicus
1683 1331 1918 1407 ubera3

539 1440 678 1504 Nec
710 1442 1114 1526 vespertinus
1146 1443 1594 1529 circumgemit
1625 1465 1811 1506 ursus
1842 1442 2014 1519 ovili,

625 1550 763 1615 Nec
794 1551 1162 1617 intumescit
1192 1552 1321 1616 alta
1353 1538 1588 1637 viperis
1618 1550 1884 1617 humus:

542 1659 864 1747 Pluraque
896 1662 1112 1727 felices
1144 1663 1520 1728 mirabimur
1545 1686 1562 1739 3
1608 1676 1680 1728 ut
1711 1686 1914 1750 neque
1944 1661 2137 1750 largis

625 1773 924 1858 Aquosus
956 1772 1173 1838 Eurus
1204 1796 1357 1838 arva
1388 1774 1573 1839 radat
1603 1773 1937 1851 imbribuS,

350 791 438 846 45

355 1340 445 1395 50

269 1999 335 2046 51
372 1986 495 2033 ovile
515 1988 645 2035 etia-r
675 1989 735 2036 G.
753 1992 806 2037 it.
828 1990 959 2038 Med.
983 2001 1107 2050 1477
1130 2000 1176 2038 et
1196 1992 1267 2038 FI.
1291 1988 1417 2048 1482
1440 1999 1518 2037 etc.
1543 2002 1673 2047 recte,
1702 1998 1824 2054 puto.
1858 1993 1922 2038 G.
1952 1997 2153 2054 quotquot
2182 1989 2281 2036 vidi
2311 1986 2466 2045 libros,
2483 2004 2617 2034 waes

1047 2056 1200 2103 habent
1224 2055 1364 2114 ovile,
1380 2056 1496 2119 quod
1515 2058 1729 2103 revocavi.
1780 2057 1845 2103 Z.

274 2261 382 2308 quae
402 2246 561 2294 deinde
582 2261 716 2308 porro
750 2260 803 2295 ut
833 2248 960 2296 beata
982 2249 1266 2298 describitur.
1330 2250 1421 2296 Di-

272 2311 480 2368 stinctio,
497 2328 632 2374 quam
654 2312 785 2373 elegi,
803 2314 1037 2361 videbatur
1060 2315 1174 2362 mihi
1205 2316 1418 2364 affectum

277 2378 432 2439 po'e‘tae
462 2377 632 2438 optime
666 2378 928 2440 exprimere.
991 2380 1175 2429 Divite:
1201 2380 1319 2427 inter
1340 2399 1421 2427 ar·

279 2458 350 2489 va
371 2455 421 2489 et
441 2442 602 2489 insulas
624 2445 678 2491 ad
701 2456 945 2507 utrumque
981 2445 1154 2504 referri,
1185 2446 1423 2494 duriuscu-

1484 2250 1751 2314 Stephanus.
1816 2248 2089 2310 Rutgersius
2118 2250 2290 2312 pullam
2311 2248 2448 2295 ficum
2484 2246 2623 2294 sentit

1485 2317 1573 2363 dici
1605 2315 1741 2363 ficum
1766 2315 1967 2362 Indicam
1987 2330 2042 2362 ex
2065 2314 2377 2377 propaginibus
2415 2313 2507 2360 suis
2538 2328 2624 2360 sae-

1484 2378 2000 2495 giettxzrrepullulantem,
2034 2380 2158 2443 quod
2201 2378 2315 2426 mihi
2364 2377 2515 2426 minus
2555 2377 2627 2425 vi-

276 2507 395 2555 lum.
461 2508 693 2557 Caeterum
730 2513 854 2557 Acro
875 2509 931 2556 ad
960 2509 1008 2556 h.
1029 2510 1061 2558 l.
1122 2512 1182 2558 In
1217 2530 1318 2576 quo,
1351 2511 1422 2559 in-

282 2573 405 2636 quit,
434 2587 535 2622 sunt
571 2574 725 2622 insule
760 2576 1026 2633 Fortunate,
1065 2579 1132 2623 ad
1165 2594 1274 2641 quae
1321 2574 1421 2623 Sat-

279 2639 437 2686 Iustius
473 2642 518 2686 r‘n
550 2640 736 2687 historia
770 2642 876 2688 dicit
925 2643 1089 2688 vidum
1126 2642 1316 2689 voluisse
1356 2645 1422 2689 ire

285 2702 536 2752 &rendum
600 2706 773 2753 Fumat
793 2705 883 2753 hoc
916 2705 1096 2754 Plutar.
1117 2706 1163 2754 in
1188 2708 1356 2755 Sertor.
1378 2723 1422 2770 p.

280 2770 488 2880 571.GE.
553 2770 666 2817 vid.
706 2770 910 2818 Freinsh.
947 2770 1176 2834 Supplem.
1196 2771 1304 2819 Liv.
1338 2784 1416 2835 90.

281 2846 314 2883 2
350 2867 364 2881 .
447 2866 459 2879 .

317 2848 420 2957 ³42
451 2899 701 2947 Nescivere
738 2900 905 2949 divites
942 2902 1165 2963 pertinere
1198 2902 1336 2949 etiam
1369 2903 1425 2948 ad

286 2965 668 3077 mezzi&
684 2984 826 3095 5²33
851 2978 906 3077 ’ὓ
931 2965 1279 3079 ξ”ἒῆιρῗ-’Ἳῗ
1311 2967 1429 3079 2¹:¹³·

908 3048 931 3078 e
955 3065 967 3077 .
1041 3048 1065 3079 c
1099 3049 1127 3079 o
1148 3048 1210 3079 ias
1258 3048 1288 3078 n
1380 3048 1430 3079 a·

293 3106 454 3140 torum
475 3094 637 3143 Insula
664 3109 771 3144 sunt
792 3112 903 3158 quas
925 3097 1190 3144 Fortunatas
1224 3097 1432 3145 dicimus.

295 3157 535 3206 Diodorus
553 3159 601 3206 in
623 3161 809 3209 Oceano
831 3160 1128 3209 Meridionali
1148 3162 1313 3224 posuit,
1328 3163 1429 3209 Pli-

291 3224 406 3270 nius
438 3222 555 3270 ultra
589 3226 889 3287 Aquilonem,
918 3226 993 3273 alii
1025 3227 1080 3274 ad
1113 3240 1264 3274 ortum
1297 3227 1430 3285 soiis;

291 3287 572 3336 Scholiastes
621 3301 769 3338 autem
818 3291 1013 3354 Cruquii
1058 3307 1190 3353 supra
1234 3293 1434 3340 Orcades

288 3365 473 3402 nostru
507 3354 686 3418 Elysios
719 3357 919 3420 Campos
948 3357 1195 3419 descripsit.
1257 3358 1435 3405 Omnes

293 3432 349 3468 ut
370 3431 487 3483 puto
509 3419 695 3469 inferius
714 3421 1083 3484 hemispherium
1099 3421 1297 3475 voluere,
1310 3424 1432 3484 quod

288 3501 379 3532 nos
395 3483 531 3532 bodie
549 3487 815 3534 Americam
828 3488 1035 3534 dicimus.
1068 3486 1121 3534 B.
1172 3487 1248 3534 Cf.
1266 3489 1432 3552 Odyss.

293 3547 340 3609 3,
358 3548 473 3610 563.
493 3566 616 3613 seqq.
651 3554 714 3599 Z.

361 3628 425 3676 43
459 3615 626 3663 Redeat
661 3617 878 3675 Cererem,
909 3631 959 3664 ut
991 3620 1128 3666 reddit
1161 3635 1266 3675 ova,
1297 3620 1434 3665 reddit

293 3683 495 3736 urinam,
514 3694 562 3728 et
583 3680 760 3729 similia.

363 3760 432 3803 ⁴4
464 3744 584 3793 Illud
617 3765 750 3811 usque
784 3747 921 3795 eriam
958 3747 1013 3793 ad
1046 3764 1098 3794 ea
1120 3764 1224 3811 quae
1247 3764 1445 3812 sequun-

1551 2510 1615 2571 48
1651 2513 1777 2561 Bene
1799 2522 2005 2576 crepante
2035 2513 2139 2574 pede
2167 2510 2450 2573 subjecturus
2470 2510 2629 2556 desilit.

1487 2578 1541 2625 B.
1607 2579 1787 2642 Nempe
1836 2579 2081 2643 Lympham
2122 2590 2360 2638 personam
2414 2574 2542 2629 facit,
2573 2584 2627 2621 ut

1488 2644 1760 2709 Nympha-r,
1801 2644 1922 2706 quod
1977 2641 2145 2689 habent
2199 2641 2383 2703 quidam
2437 2639 2631 2686 codices.

1487 2709 1599 2756 vid.
1621 2712 1675 2757 ad
1701 2710 1806 2755 Car.
1832 2722 1876 2769 3.
1902 2720 1979 2767 13.
2003 2719 2078 2765 15.
2112 2708 2176 2754 G.

1553 2786 1617 2836 49
1652 2775 1928 2830 Mulemm,
1949 2771 2158 2830 mulctra,
2177 2782 2226 2818 et
2247 2769 2486 2818 mulctrale
2506 2767 2626 2816 idem

1491 2851 1672 2887 sonant.

1555 2917 1584 2963 5
1596 2917 1617 2952 1
1658 2903 1972 3013 Proprietaten
1992 2903 2206 2966 expressit
2226 2918 2419 2948 ursorum
2436 2901 2481 2946 in
2497 2898 2633 2947 verb·

1486 2987 1670 3033 gemere.
1753 2979 1815 3016 et.
1838 2967 1991 3014 Schol.
2013 2967 2160 3028 Cruq.

1561 3033 1773 3095 Quatuor
1822 3031 2018 3094 Cruquii
2070 3031 2219 3078 MSS.
2262 3031 2469 3089 legerunt
2518 3028 2635 3075 ovili

1493 3098 1618 3161 quod
1633 3097 1800 3160 probo:
1841 3096 2104 3144 Scholiastae
2126 3095 2276 3143 silent.
2342 3093 2475 3140 Male
2494 3094 2635 3141 Bent-

1492 3163 1609 3210 leius
1630 3162 1762 3220 ovile,
1781 3173 1936 3210 contra
1967 3160 2104 3208 fidem
2128 3160 2370 3208 Codicum.
2403 3159 2458 3206 B.
2524 3158 2638 3206 Vid.

1496 3230 1611 3275 Var.
1632 3229 1766 3276 Lect-

1563 3305 1628 3353 52
1662 3291 1952 3356 Hypallagen
2000 3290 2075 3339 hic
2121 3289 2460 3354 hyperbolicam
2493 3289 2635 3338 inesse

1496 3370 1625 3422 puto.
1690 3357 1883 3419 Proprie
1905 3355 2168 3404 intumescit
2191 3356 2338 3418 vipera
2361 3354 2473 3401 irata
2494 3354 2635 3401 humo

1497 3439 1545 3471 se
1567 3425 1677 3471 dum
1702 3421 1885 3471 attollit.
1950 3421 2045 3470 Hic
2081 3421 2174 3483 ipsa
2208 3420 2375 3468 humus
2404 3420 2567 3467 elevari
2591 3431 2638 3467 et
2687 3482 2690 3485 ἢ

1497 3489 1799 3536 intumescere
1839 3488 1999 3551 viperis
2028 3487 2210 3535 dicitur.
2276 3485 2497 3533 Ceterum
2535 3496 2639 3547 post

1496 3555 1620 3602 hunc
1642 3568 1824 3602 versum
1860 3552 2107 3601 collocandi
2144 3552 2373 3615 videntur,
2404 3550 2482 3612 qui
2517 3564 2640 3597 nunc

1497 3631 1605 3667 sunt
1628 3618 1686 3668 61
1714 3630 1761 3666 et
1782 3616 1861 3669 62,-
1932 3618 2183 3666 Rationem
2227 3615 2341 3662 dixit
2377 3617 2446 3662 vir
2479 3616 2641 3663 doctus

1514 3684 1718 3732 Miscell.
1738 3684 1998 3731 Observatt.
2017 3699 2042 3729 a
2065 3683 2330 3729 Burmanno
2345 3681 2477 3728 editis
2490 3680 2581 3729 vol.
2597 3693 2643 3730 a.

1510 3765 1557 3812 p.
1577 3746 1688 3810 381.
1752 3749 1828 3797 Ne
1866 3749 2049 3811 quidem
2088 3762 2202 3810 opus
2234 3746 2413 3793 videtur
2449 3745 2535 3793 alia
2571 3761 2644 3792 ra·

293 3823 380 3858 tur
413 3811 707 3858 referendum
750 3823 837 3870 est,
878 3812 1107 3860 Gna-inae
1126 3827 1442 3878 usque-ornat
1506 3816 1651 3872 tione,
1669 3829 1806 3877 quam
1830 3825 1883 3861 ut
1905 3824 2078 3861 attente
2098 3812 2203 3875 quis
2232 3810 2355 3871 legat
2371 3811 2519 3873 primo
2541 3811 2646 3858 vul-

295 3893 450 3940 mq-e.
513 3876 640 3924 Nam
663 3876 772 3925 alias
795 3876 909 3924 nihil
928 3876 1050 3925 dicat
1071 3878 1257 3927 insoliti.
1302 3879 1443 3926 Paua
1505 3890 1610 3940 gato
1630 3879 1806 3936 ordine,
1825 3889 1926 3925 tum
1959 3878 2023 3925 ita
2049 3878 2118 3926 uti
2140 3876 2348 3924 diximus.
2410 3875 2646 3924 Librarius

273 3941 405 4007 ficu
428 3941 664 4001 Rutgersii
684 3942 816 3989 nimis
853 3943 1003 4002 longe,
1039 3960 1092 3991 ex
1129 3944 1270 4002 Indis,
1301 3945 1442 4007 petita
1506 3943 1861 4007 antiquissimus,
1882 3958 1996 4006 quos
2015 3941 2256 3991 versiculos
2286 3940 2460 3989 incuria
2480 3942 2652 3989 omise-

296 4005 418 4053 mihi
440 4021 623 4068 quoque
645 4006 846 4054 videtur:
881 4007 1011 4070 pulla
1035 4008 1233 4056 colorem
1255 4022 1448 4057 matura:
1514 4021 1600 4067 rat,
1617 4024 1694 4057 eos
1726 4009 1862 4072 paulo
1897 4021 1996 4071 post
2028 4008 2197 4070 posuit,
2226 4018 2273 4054 et
2304 4005 2495 4055 minutis
2526 4005 2647 4054 notis

297 4071 419 4182 §fictus
456 4082 610 4183 ngare
644 4083 823 4135 potest:
862 4074 1105 4134 quotannis
1141 4085 1450 4122 maturescunt
1516 4075 1572 4121 ad
1592 4075 1796 4122 ordinem
1835 4089 1969 4120 suum
2000 4073 2244 4121 revocavit.
2308 4071 2404 4120 mae
2426 4084 2549 4120 notae
2569 4086 2651 4134 pc-

367 4151 436 4182 us.
519 4169 533 4183 .

372 4213 434 4260 45
473 4200 648 4250 Tenues
683 4205 843 4250 dicirm
878 4213 1090 4251 exto-enus
1128 4221 1276 4250 ramus
1300 4206 1449 4261 olive,

303 4268 425 4313 sieut
445 4270 609 4314 vitium
624 4271 811 4332 palues.
841 4270 955 4316 Vct.
974 4268 1127 4316 schol.
1514 4269 1740 4332 naquillus
1762 4269 1904 4315 Faber
1927 4268 2125 4315 Horatio
2144 4268 2320 4315 doctior
2339 4268 2510 4315 mavult
2527 4269 2661 4332 pre?

371 4328 438 4389 46
472 4332 644 4387 Suam,
706 4335 943 4398 Eleganter
977 4347 1020 4380 et
1061 4351 1183 4380 suaa
1230 4348 1272 4380 et
1313 4345 1454 4382 ornat.
1520 4346 1649 4382 sentes
1664 4355 1680 4381 .·
1715 4334 1797 4394 ego
1817 4349 1918 4381 sum
1943 4350 1969 4380 a
1990 4333 2188 4396 partibus
2210 4333 2413 4381 Horatii.

298 4398 417 4444 Vct.
458 4396 610 4445 Schol.
676 4398 808 4447 &aa
847 4399 1107 4456 naturalem,
1145 4418 1223 4447 nen
1261 4403 1454 4447 insitam.
1586 4414 1652 4459 54
1685 4401 1835 4448 Rodat
1853 4421 1870 4455 ,-
1909 4400 1953 4447 h.
1972 4415 2014 4446 e.
2052 4408 2175 4458 urat,
2194 4399 2264 4446 vel
2299 4402 2411 4446 edat.
2441 4398 2496 4446 B.
2562 4396 2667 4454 Co·⁵

1517 4140 1706 4194 rictum,
1724 4152 1811 4186 etc.
1844 4140 1906 4185 G.

1577 4217 1641 4264 53
1675 4205 1862 4258 Felicem
1901 4204 1948 4250 h.
1972 4220 2015 4250 e.
2050 4204 2140 4265 jam
2178 4201 2287 4250 facti
2322 4201 2492 4250 felices.
2554 4202 2653 4250 'ra-
