3000 4979
455 305 539 368 72
1156 288 1243 367 Q.
1277 283 1699 353 HORATII
1735 284 2080 354 FLACCI

720 476 944 545 Fatale
975 486 1351 552 monstrum,
1385 495 1531 560 quae
1560 472 1933 561 generosius

718 588 941 656 Perire
971 608 1287 674 quaerenS,
1316 608 1437 651 nec
1467 583 1868 651 muliebriter

801 696 1083 784 Expavit
1110 717 1346 773 ensem,
1379 716 1499 760 nec
1527 693 1800 759 latentes

897 806 1118 872 Classe
1148 806 1276 871 cita
1302 805 1625 892 reparavit
1655 825 1801 868 oras
1820 828 1839 866 ε

549 927 633 986 25
726 918 904 984 Ausa
933 930 999 982 et
1018 918 1339 1004 jacentem
1371 916 1576 980 visere
1602 913 1848 1002 regiam

725 1028 928 1095 Vultu
960 1049 1207 1105 sereno,
1239 1026 1419 1092 fortis
1448 1038 1514 1090 et
1541 1045 1799 1110 asperas

804 1138 1114 1204 Tractare
1145 1148 1493 1224 serpentes,
1525 1147 1601 1201 ut
1628 1149 1835 1199 atrum

901 1250 1195 1336 Corpore
1226 1248 1621 1314 combiberet
1648 1263 1958 1313 venenum
1982 1267 2003 1318 3

719 1359 1097 1427 Deliberata
1126 1372 1333 1424 morte
1355 1358 1670 1424 ferocior:

554 1481 639 1536 30
734 1470 931 1536 Saevis
963 1469 1271 1535 Liburnis
1302 1468 1545 1535 scilicet
1572 1463 1885 1541 invidens,

811 1580 1072 1645 Privata
1093 1579 1323 1645 deduci
1357 1577 1639 1664 superbo

903 1688 1053 1755 Non
1085 1688 1342 1755 humilis
1371 1688 1604 1756 mulier
1632 1683 1981 1771 triumpho.

711 1900 774 1950 ας
807 1900 1033 1938 tacentem
1054 1893 1160 1957 conj.
1181 1890 1328 1939 Benrl.
1456 1886 1523 1941 26
1554 1887 1784 1938 Editio-ee
1799 1885 1940 1932 mlta
1963 1886 2268 1950 interpungere!
2282 1890 2381 1947 pest
2400 1877 2553 1930 sortis.

468 2036 529 2087 lia
551 2037 661 2087 olim
684 2039 738 2086 ad
762 2037 964 2088 Thracas
996 2039 1262 2104 pertinebat.
1294 2040 1350 2089 B.
1417 2042 1603 2090 Plutar-
1668 2038 1840 2088 amism’s
1890 2038 1979 2087 illis
2024 2039 2219 2104 AEgypti
2259 2040 2490 2089 inferioris
2530 2038 2643 2088 circa
2683 2030 2773 2085 Nili

469 2105 585 2153 chus
615 2116 780 2160 narrat,
800 2103 970 2167 duplici
989 2106 1045 2153 de
1076 2120 1210 2154 eausa
1243 2105 1475 2155 festinasse
1500 2111 1603 2154 Au·
1666 2104 1781 2154 ostia
1815 2104 2043 2161 litoribus,
2093 2104 2201 2153 alias
2258 2120 2413 2168 parare
2473 2122 2571 2153 orae
2621 2104 2778 2151 latentes

465 2180 670 2230 gustum,
687 2180 742 2217 ut
763 2169 912 2219 vivam
944 2183 1122 2235 caperet
1154 2169 1474 2234 Cleopatramg
1521 2188 1604 2220 ve-
1666 2170 1906 2229 Romanis,
1942 2170 2104 2233 quibus
2141 2170 2212 2218 vel
2253 2169 2630 2231 circumnavigare
2662 2164 2780 2214 Arri-

466 2235 581 2283 ritus
602 2236 802 2298 primum
826 2251 882 2282 ne
904 2236 1116 2298 pecunias
1134 2250 1186 2282 ac
1209 2251 1316 2298 opes
1341 2251 1603 2300 corrumpe-
1666 2251 1787 2292 cam,
1822 2235 1897 2283 vel
1935 2237 2090 2283 eadem
2127 2236 2298 2283 ratione
2342 2237 2552 2298 trajicere
2606 2232 2777 2282 classem

468 2311 559 2356 ret,
601 2300 761 2347 deinde
793 2302 916 2363 quod
947 2302 1024 2349 illa
1059 2300 1282 2364 triumphi
1316 2301 1599 2366 splendorem
1662 2300 1842 2349 difficile
1886 2301 2095 2350 futurum
2144 2311 2256 2348 erat.
2352 2300 2621 2365 Aliquando
2667 2295 2781 2345 nari·

468 2375 659 2413 auctura
673 2375 805 2412 esset.
837 2366 900 2413 Z.
1663 2382 1766 2428 gare
1808 2382 1915 2415 cum
1951 2365 2170 2414 thesauris
2222 2366 2270 2412 in
2320 2364 2599 2430 Hispaniam
2646 2361 2782 2410 consi·

535 2441 597 2479 21
632 2430 884 2479 Monstrum
899 2430 994 2496 jam
1030 2447 1113 2497 pro
1144 2432 1416 2497 prodigium,
1446 2433 1506 2481 ob
1527 2433 1601 2482 in·
1662 2432 1779 2480 lium
1816 2442 1928 2480 erat.
1993 2431 2080 2479 Sed
2112 2432 2168 2479 ab
2204 2442 2401 2495 utroque
2436 2431 2509 2478 vel
2528 2427 2696 2478 destitit
2713 2424 2781 2472 vel

472 2494 627 2543 solitos
649 2495 854 2554 animos3
886 2498 1005 2560 quod
1028 2513 1074 2547 et
1095 2499 1282 2547 soemina
1303 2512 1350 2548 et
1371 2500 1602 2562 peregrina
1666 2499 1838 2561 dejecta
1852 2509 1936 2546 est.
2000 2498 2187 2550 Poetice
2206 2496 2316 2546 facit
2329 2497 2576 2554 Horatia,
2593 2491 2783 2543 cumfu-

478 2561 679 2623 Imperio
699 2562 917 2610 Romano
936 2563 1144 2612 inhiaret.
1185 2565 1344 2613 Fatale
1363 2565 1520 2613 referri
1540 2564 1609 2612 vi·
1670 2563 1855 2612 titudini
1874 2561 2056 2620 tribuit,
2071 2563 2193 2625 quod
2208 2562 2530 2625 desperationis
2549 2571 2660 2608 erat.
2702 2557 2780 2604 Pe·

480 2626 615 2674 detur
636 2627 692 2673 ad
705 2625 886 2691 aliquod
905 2628 1188 2678 v=t³einium
1203 2631 1249 2677 in
1272 2630 1502 2695 Sibyllinis
1510 2645 1609 2679 car·
1670 2631 1872 2677 serravit
1892 2628 2158 2677 Bentleiano
2176 2628 2361 2688 dignum
2380 2627 2586 2687 ingenio,
2604 2624 2678 2672 sed
2695 2636 2780 2669 noa

476 2690 677 2739 minibus
697 2692 752 2739 de
787 2709 839 2739 ea
863 2706 1112 2756 acceptum.
1141 2693 1338 2756 Dilogue
1358 2696 1498 2744 etiam
1537 2696 1608 2743 fa·
1671 2694 1990 2742 necessarium.
2049 2693 2153 2741 Nec
2190 2708 2283 2740 non
2325 2693 2559 2752 ingeniose
2593 2691 2654 2738 1..
2688 2689 2784 2737 Boe.

476 2754 566 2803 tale
603 2755 863 2805 obscoenum
886 2759 1024 2806 dixit:
1064 2759 1190 2808 Nam
1221 2761 1477 2809 Prostanees
1513 2762 1608 2809 Fa·
1677 2761 1826 2807 Classe
1838 2761 1926 2806 cira
1947 2761 2013 2805 ἕνα
2032 2760 2223 2822 paravit
2237 2756 2328 2820 (in)
2345 2775 2462 2806 oras.
2491 2760 2557 2805 G.

470 2822 580 2869 tales
623 2824 836 2871 dicuntur.
885 2824 998 2871 Vet.
1019 2824 1169 2873 Schol.
1234 2826 1356 2874 Vide
1392 2826 1603 2891 Juvenal.
1731 2837 1791 2884 25
1827 2824 2047 2873 Jacentm
2084 2842 2109 2870 r
2160 2826 2247 2871 ias·
2282 2821 2331 2869 h.
2372 2838 2414 2870 e.
2458 2824 2654 2888 Regma-
2672 2832 2783 2867 suu·

473 2886 571 2934 Sat.
591 2899 638 2948 3.
670 2887 725 2934 B.
768 2888 984 2936 Fortassis
1003 2888 1157 2953 fatale
1176 2901 1247 2938 est
1281 2891 1602 2954 periculosum,
1662 2891 1943 2955 desperatam.
1984 2890 2096 2937 Vct.
2109 2842 2268 2936 }chol.
2311 2889 2423 2935 Non
2442 2888 2567 2936 videt
2589 2887 2655 2934 vir
2672 2898 2785 2942 ng·-

474 2952 582 3014 quia
602 2951 827 3015 Capitolio
848 2953 1002 3001 ruinas
1024 2966 1070 3002 et
1089 2954 1229 3003 sunus
1261 2955 1450 3019 imperio
1471 2972 1599 3018 para·
1666 2954 1871 3003 tissimus
1893 2954 2125 3002 Bentleius
2148 2970 2171 2999 r
2226 2956 2314 3000 iuss
2335 2955 2477 3001 modo
2499 2952 2589 3001 dici
2609 2952 2784 3011 figurate

466 3016 563 3064 bat.
628 3018 897 3077 Generosius,
926 3020 1075 3067 minus
1110 3020 1427 3083 ignominiose,
1464 3037 1601 3084 quam
1663 3035 1748 3083 pro
1767 3038 1959 3084 regnam
1973 3020 2094 3082 quod
2109 3030 2188 3066 eta
2221 3031 2414 3067 verterat
2425 3019 2641 3080 antiquus
2653 3013 2787 3063 Scho-

467 3083 505 3130 si
529 3083 628 3130 viva
652 3095 779 3146 capta
802 3084 974 3133 fuisset.
1009 3085 1072 3133 Z.
1663 3084 1828 3132 liastes.
1860 3085 1915 3132 B.
1978 3084 2133 3133 Placet
2159 3099 2316 3132 eorum
2347 3083 2594 3139 sententia,
2625 3079 2702 3143 qui
2721 3096 2785 3126 n-

535 3159 597 3210 23
634 3148 891 3212 Conspecto
914 3149 1152 3199 Proculeio
1186 3151 1264 3214 qui
1296 3151 1350 3197 ab
1388 3153 1603 3212 Augusto
1655 3152 1781 3215 giam
1804 3149 1979 3213 proprie
2002 3148 2281 3208 intelligunt,
2314 3148 2470 3197 aulam
2490 3151 2785 3218 moestanuft

471 3213 634 3261 missus
655 3214 802 3261 suerat
833 3216 888 3262 ad
921 3232 1018 3262 eam
1053 3215 1200 3263 vivam
1237 3218 1354 3265 adse
1375 3218 1603 3266 deducen-
1665 3216 1724 3263 ob
1748 3214 1918 3264 cladem
1980 3213 2081 3262 lane
2100 3224 2453 3262 constematam.
2520 3214 2652 3261 Ordo
2671 3221 2784 3258 etum

472 3279 609 3336 dam3
650 3278 799 3341 gladio
819 3296 910 3343 quo
933 3293 1027 3328 erat
1061 3281 1277 3338 accincta,
1297 3298 1344 3329 se
1380 3282 1606 3330 trucidare
1666 3291 1734 3328 est
1754 3298 1767 3327 ε
1806 3296 1897 3327 non
1962 3279 2058 3340 ugit
2077 3279 2129 3326 in
2169 3278 2286 3335 loca,
2306 3278 2387 3326 ubi
2407 3279 2554 3328 htere
2579 3274 2786 3341 potuisset

470 3342 635 3392 voluit.
699 3343 810 3392 Hoc
834 3346 1063 3395 adnotavit
1087 3346 1398 3395 Mancinellus
1414 3362 1469 3395 ex
1491 3346 1604 3395 Plu·
1666 3358 1713 3393 et
1757 3344 1925 3392 bellum
1947 3359 2165 3406 reparare,
2182 3344 2262 3391 sed
2292 3358 2399 3392 ausa
2416 3357 2492 3398 est
2510 3359 2560 3391 se
2592 3340 2787 3390 conferre

466 3409 642 3458 tarcho.
1666 3409 1995 3458 Alexandriam
2038 3410 2199 3471 ipsam,
2234 3407 2369 3456 vultu
2391 3421 2573 3458 metum
2611 3416 2785 3455 omnem

534 3475 761 3531 Latenees,
798 3476 975 3523 intimas
999 3475 1196 3540 AEgypei
1224 3477 1424 3540 regiones.
1488 3476 1603 3524 Vet-
1662 3474 1987 3522 dissimulante·
2022 3476 2086 3523 Z·

471 3539 579 3587 Sch.
612 3539 792 3602 Quibus
812 3541 904 3602 ipsa
919 3540 1054 3587 latere
1079 3541 1312 3602 potuisset.
1730 3551 1795 3601 29
1826 3540 2102 3597 Deliberant,
2115 3539 2166 3587 h.
2184 3555 2225 3586 e.
2240 3550 2393 3588 mente
2413 3538 2496 3589 diu
2518 3538 2702 3600 agitata.

537 3616 603 3661 24
634 3606 901 3670 Reparavir,
923 3605 968 3651 h.
987 3621 1026 3651 e.
1047 3605 1297 3668 requisivit.
1327 3604 1486 3653 Miror
1502 3619 1602 3652 ma-
1729 3615 1796 3665 30
1830 3606 2039 3654 Liburnis
2077 3605 2228 3668 posuit
2253 3619 2336 3666 pro
2376 3604 2602 3652 Liburnis
2634 3598 2793 3654 nautis,

473 3669 538 3730 gis
562 3670 769 3719 Bentleio
785 3669 996 3732 placuisse
1010 3672 1272 3734 penetravit
1301 3684 1438 3733 quam
1470 3682 1603 3733 repa-
1664 3684 1857 3732 quorum
1895 3684 2030 3732 opera
2062 3669 2347 3732 potissimum
2389 3674 2636 3731 Augustus
2654 3665 2792 3714 viceo-

474 3736 626 3792 ravit,
647 3736 766 3797 quod
795 3733 915 3782 idem
937 3735 1057 3782 valet
1076 3737 1197 3798 quod
1219 3738 1463 3800 requisivit.
1525 3735 1601 3782 Sic
1661 3733 1778 3782 riam
1799 3736 1986 3797 adeptus
1999 3746 2083 3784 est·

467 3799 608 3848 etiam
629 3801 833 3863 superius
852 3812 895 3847 r.
915 3812 996 3861 31.
1019 3812 1094 3848 ιι.
1130 3802 1250 3849 Vina
1275 3799 1389 3866 Syra
1415 3811 1603 3865 repara-
1728 3812 1796 3860 32
1829 3802 1936 3848 Non
1957 3802 2147 3858 hun-ilis,
2183 3800 2345 3860 Figura
2362 3798 2572 3858 Litotes,
2587 3812 2679 3861 qua
2708 3792 2791 3842 mi·

471 3874 521 3912 ta
559 3883 710 3923 neree,
741 3881 825 3928 pro
844 3869 1071 3940 requisita.
1104 3865 1157 3914 B.
1178 3865 1379 3914 Volebat
1397 3866 1602 3928 aliquan·
1665 3880 1750 3913 nus
1770 3865 1939 3912 dicitur
1957 3880 2093 3928 qnam
2117 3864 2394 3925 intelligitur.

468 3930 531 3977 do
568 3929 754 3976 navibus
786 3941 951 3992 partim
993 3947 1074 3993 per
1114 3930 1339 3979 Isthmum
1382 3947 1437 3979 ex
1480 3929 1595 3979 Nilo
1725 3931 1910 3979 Nea-et
1934 3931 1989 3978 T.
2009 3932 2178 3978 Livius
2197 3931 2335 3995 refert
2358 3929 2506 3988 e’llea,
2533 3946 2630 3977 eu-
2660 3928 2791 3975 dein-

468 3994 734 4042 transvectis
768 3995 813 4041 in
844 3995 952 4042 litus
996 3995 1118 4042 rubri
1155 3997 1310 4054 maris,
1342 3996 1506 4058 partim
1533 3995 1594 4042 ibi
1657 3997 1831 4043 dustria
1862 3995 1920 4042 ab
1953 3997 2150 4058 Angusto
2184 3997 2465 4058 indulgentius
2509 4004 2790 4048 tractaretur,

467 4059 712 4116 :edificatis‚
733 4060 961 4108 fortunam
984 4077 1147 4108 novam
1168 4062 1373 4125 experiri,
1393 4073 1439 4109 et
1460 4062 1595 4110 classe
1658 4063 1872 4108 idmtide-
1909 4062 2045 4110 dicere
2091 4063 2260 4108 solitam
2294 4058 2463 4123 fuisse,
2511 4059 2581 4107 ob
2630 4060 2791 4123 Sm-

463 4128 558 4172 cita
579 4125 626 4172 h.
663 4141 701 4173 e.
740 4136 862 4173 mota
901 4143 950 4175 ac
992 4127 1203 4177 translata
1243 4137 1449 4193 reparare
1471 4126 1516 4176 h.
1555 4142 1595 4176 e.
1658 4125 1887 4186 βιόημιι,
1906 4126 1953 4176 h.
1983 4143 2022 4174 e.
2062 4126 2162 4175 Noa
2195 4125 2511 4190 trinu-phehor.
2560 4124 2671 4172 Vet.
2691 4121 2791 4170 Sch-
