3000 4979
424 287 555 347 330

1132 276 1217 351 Q.
1233 338 1240 345 χ
1255 270 1672 341 HORATII
1724 275 2067 342 FLACCI

690 446 1021 526 Cocoeinz,
1072 447 1435 536 Capitoque
1465 447 1654 515 simul
1688 449 2012 529 FonteiuS‚
2060 449 2149 516 ad
2179 473 2458 540 unguem

690 561 923 627 Factus
952 558 1170 636 homo,
1218 557 1489 637 Antoni,
1537 581 1668 623 non
1701 573 1774 624 ut
1801 561 2006 648 magis
2038 559 2223 639 alter,
2268 563 2535 629 amicus.

687 669 951 737 Fundos
984 667 1252 733 Aufidio
1283 666 1502 734 Lusco
1536 668 1825 734 Praetore
1856 668 2132 735 libenter

519 790 604 848 35
694 780 1100 868 LinquimuS,
1144 779 1354 845 insani
1384 778 1661 845 ridentes
1689 779 1956 865 praemia
1985 780 2233 857 scribae‚

687 890 1101 967 Praetextam,
1143 901 1210 953 et
1236 887 1740 968 latum'clavuun
1790 911 2149 977 prunaeque
2180 889 2501 956 vatillum.

696 999 778 1064 In
809 998 1288 1064 Mamurrarum
1319 998 1470 1063 lassi
1498 998 1735 1064 deinde
1765 1002 1924 1065 urbe
1954 1023 2306 1079 manemus»,

692 1107 974 1173 Murena
1000 1109 1329 1194 praebente
1358 1107 1644 1188 domurn,
1695 1110 2012 1197 Capitone
2044 1111 2346 1176 culinam.

704 1217 974 1284 Postera
999 1217 1114 1283 lux
1144 1218 1347 1296 oritur
1379 1218 1583 1285 multo
1611 1220 2004 1307 gratissima:
2052 1242 2329 1307 namque

447 1405 513 1471 36
543 1408 750 1457 batillum
776 1411 838 1456 Ζ.
859 1410 993 1458 Med.
1016 1421 1158 1471 1477.
1193 1414 1302 1459 Ven.
1339 1424 1482 1475 1479·
1513 1413 1635 1460 Flor.
1663 1414 1716 1460 r't.
1751 1414 1821 1461 H.
1841 1416 1909 1463 St.
1941 1414 2080 1480 Rutg.
2115 1415 2231 1462 Bur.
2252 1414 2419 1461 Mam.
2444 1412 2590 1458 Beati.
2622 1410 2789 1459 Catil·

641 1474 737 1522 lum
758 1476 933 1541 qnidam
952 1488 1028 1540 ap.
1049 1478 1229 1525 Arcens.
1249 1478 1363 1528 ΑΜ.
1381 1480 1444 1528 R.
1466 1476 1611 1544 Steph.
1629 1479 1790 1542 pmnei
1809 1479 2022 1528 bacillum
2045 1481 2226 1543 Barnffi
2247 1481 2297 1527 de
2316 1497 2400 1543 quo
2421 1480 2482 1528 V.
2504 1478 2579 1525 N.

451 1645 699 1709 cipiebam=
735 1646 781 1695 h.
816 1667 859 1699 e.
888 1651 1119 1699 Illita-bam
1155 1665 1303 1711 caten,
1345 1663 1393 1702 nt
1428 1663 1580 1718 postea

448 1713 584 1761 erulos
603 1715 859 1779 inungerent.
891 1719 1004 1765 Vct.
1025 1716 1180 1765 Schol.

523 1787 586 1836 32
619 1779 700 1825 Ad
720 1797 897 1846 unguem
916 1783 1073 1847 factus
1110 1784 1245 1840 hono,
1289 1785 1521 1832 translatio
1550 1802 1581 1830 a

453 1847 777 1907 ,nar-orariis,
817 1849 894 1910 qm*
925 1850 1162 1912 juncturas
1202 1866 1462 1898 warnerum
1493 1858 1585 1895 tm

458 1909 625 1957 deam
654 1910 875 1973 perfectas
908 1915 1069 1968 dicunt,
1098 1915 1137 1959 si
1170 1917 1320 1975 unguis
1356 1914 1594 1979 superduc-

462 1988 530 2022 tus
561 1992 641 2022 non
681 1977 936 2038 ffndatur.
979 1978 1092 2023 Vct.
1126 1977 1279 2025 Schol.
1345 1980 1415 2026 Ut
1459 1978 1594 2024 nimis

461 2038 633 2087 bellurn
657 2051 791 2102 atque
813 2040 1084 2088 concinnum
1110 2040 1293 2090 deridet.
1337 2044 1393 2090 B.
1456 2043 1595 2090 Deri-

465 2103 601 2153 dendi
624 2119 803 2152 causam
826 2121 918 2152 non
942 2106 1073 2152 video
1094 2104 1248 2154 ullam.
1295 2109 1357 2155 Z.

533 2182 598 2229 34
629 2170 772 2217 Fundi
799 2169 1014 2232 oppidum
1046 2170 1094 2216 in
1132 2170 1202 2217 via
1242 2174 1407 2236 Appia.
1484 2172 1598 2218 Vct.

466 2234 620 2282 Schol.
663 2236 726 2282 G.

535 2299 798 2347 Pretorium
825 2308 912 2364 pro
931 2302 1187 2365 magistratu
1206 2302 1338 2359 dixu,
1365 2301 1414 2349 h.
1434 2318 1475 2348 e.
1495 2301 1600 2348 Du-

469 2366 661 2411 mnviro.
692 2366 803 2412 Vet.
823 2364 973 2412 Schol.
1025 2366 1201 2413 Notum
1225 2380 1291 2414 est
1311 2366 1602 2413 Duumviros

472 2427 613 2476 fuisse
635 2428 914 2477 coloniarum
939 2429 1179 2479 Consules.
1223 2431 1309 2479 Est
1328 2442 1481 2479 autem
1508 2431 1607 2477 Au-

460 2494 575 2561 fidio
606 2495 747 2542 Lusco
777 2496 977 2543 Pudore
1017 2495 1258 2544 Ablativus
1295 2497 1471 2544 Causae.
1553 2496 1605 2542 B.

480 2559 643 2610 Potuit
674 2559 898 2608 Horatius
933 2561 1157 2608 Praetoris
1198 2576 1363 2609 nomen
1394 2561 1608 2608 irridendi

479 2639 613 2673 causa
632 2639 819 2687 ponere,
847 2625 982 2688 idque
1004 2640 1057 2672 eo
1079 2625 1237 2685 magis,
1271 2628 1391 2687 quod
1414 2626 1497 2673 sibi
1520 2624 1608 2673 hoc

469 2690 650 2738 ‘nomen
671 2690 895 2737 interdum
920 2689 1181 2751 arrogabant
1202 2690 1489 2750 magistratus
1508 2705 1612 2736 rnu-

480 2754 754 2817 nicipiorum
789 2767 838 2802 et
871 2754 1168 2811 coloniarum,
1207 2766 1261 2803 ut
1296 2755 1513 2818 Campani
1546 2753 1613 2800 illi

484 2818 716 2867 duumviri
737 2820 853 2882 apud
877 2819 977 2867 Cic.
998 2821 1110 2879 Agr.
1132 2831 1176 2867 2.
1198 2835 1238 2867 c.
1259 2832 1337 2880 34.
1359 2821 1423 2867 G.
1453 2821 1504 2865 ln
1530 2835 1614 2866 no·

484 2885 611 2932 mine
625 2884 840 2932 Preton’s
857 2885 1036 2931 videtur
1053 2883 1355 2947 duplexjocus
1371 2899 1479 2932 esse.
1512 2883 1616 2931 Pri-

485 2963 619 2997 rnum
649 2949 771 3011 quod
802 2949 885 2996 iste
905 2949 1137 2997 Duumvir
1163 2948 1409 2997 honorifico
1429 2949 1615 2996 nornine

486 3014 711 3063 Praetoris
730 3012 995 3077 appellatur,
1013 3014 1104 3061 sive
1124 3015 1245 3076 quod
1267 3031 1291 3061 a
1314 3014 1614 3077 municipibus

488 3079 642 3141 inepte
678 3078 981 3137 tribuebatur,
1008 3078 1101 3126 sive
1130 3081 1251 3141 quod
1281 3079 1361 3126 sibi
1385 3079 1618 3140 arrogabat

491 3145 670 3194 cultum
692 3144 995 3207 vestitumque
1014 3144 1231 3191 Praetoris
1245 3145 1472 3192 Romani:
1497 3155 1619 3191 certe

490 3211 613 3259 latus
634 3209 785 3257 clavus
805 3207 939 3271 hujus
959 3207 1156 3256 hominis
1175 3224 1266 3256 non
1288 3210 1381 3257 sine
1400 3210 1490 3256 risu
1511 3222 1619 3255 con-

492 3275 603 3339 spici
625 3284 820 3337 poterat,
847 3285 1062 3337 praesente
1084 3274 1347 3321 Maecenate
1368 3273 1447 3321 tali
1467 3284 1621 3320 tanto-

493 3356 585 3403 que
622 3339 738 3394 viro,
766 3339 845 3400 qui
878 3351 1067 3399 angusto
1089 3337 1215 3385 clavo
1241 3349 1479 3386 contentus
1512 3348 1621 3384 erat.

490 3404 676 3454 Deinde
713 3403 834 3466 quod
865 3402 949 3451 iste
981 3404 1195 3451 discessus
1226 3418 1249 3450 a
1289 3403 1476 3461 Fundis,
1519 3414 1621 3450 tan-

496 3485 633 3533 quam
656 3484 730 3517 res
750 3482 908 3528 magna
930 3479 978 3514 et
998 3467 1298 3515 memorabilis
1324 3468 1532 3515 accidisse
1554 3466 1623 3513 di-

495 3537 618 3582 citur
671 3533 852 3600 Aufidio
898 3532 1036 3579 Lusco
1095 3532 1314 3590 Praetore,
1369 3531 1623 3579 imitatione

498 3600 836 3655 Romanorum,
874 3597 955 3660 qui
985 3596 1152 3659 aliquid
1186 3597 1380 3644 evenisse
1417 3596 1624 3643 dicebant

498 3663 587 3711 hoc
609 3675 655 3710 et
674 3663 754 3710 illo
777 3661 1283 3721 Consule—Libenter,
1300 3661 1358 3708 ob
1378 3661 1546 3722 largam
1567 3660 1625 3708 ri-

499 3728 637 3777 dendi
659 3728 909 3776 materiam.
952 3723 1016 3775 Z.

569 3805 629 3853 35
662 3793 819 3841 Insani
849 3793 987 3841 modo
1010 3791 1163 3855 posuit
1191 3807 1273 3855 pro
1293 3790 1461 3850 stolidi,
1490 3803 1626 3855 atque

502 3857 620 3905 Italo
639 3856 812 3906 honore
831 3856 1141 3919 superbientis.

572 3922 780 3979 Praenia,
809 3924 999 3987 insignia
1026 3923 1268 3988 dignitatis.
1312 3923 1426 3969 Ver.
1446 3920 1598 3970 Schol.

630 3991 703 4034 uia
736 3987 788 4034 de
808 3988 1002 4034 Decuria
1031 3986 1273 4034 scribarum
1289 3988 1466 4050 suerat.
1519 3988 1630 4033 Vet.

493 4052 626 4101 'Scho
646 4086 659 4100 .
689 4052 834 4099 Erant
866 4062 1018 4099 autem
1047 4051 1201 4100 scribae
1221 4051 1316 4099 fere
1336 4052 1532 4100 libertini
1553 4068 1629 4112 ge-

504 4117 640 4166 neris.
671 4117 813 4182 Apud
840 4134 911 4163 nor
942 4133 1117 4175 revera,
1145 4120 1254 4164 sim
1272 4127 1389 4174 sunt,
1420 4134 1632 4165 mercena·

504 4186 568 4233 rii
587 4181 738 4229 sm’bae
754 4183 1081 4230 existimantur.
1112 4181 1296 4229 Cornel.
1317 4183 1490 4245 Nepos.

572 4245 637 4307 36
679 4247 914 4294 Praetexta
951 4246 1229 4309 superiorum
1268 4258 1362 4294 erat
1399 4246 1630 4306 magistra-

505 4311 672 4361 tuuin:
705 4323 807 4371 toga
830 4310 927 4359 haec
947 4321 1043 4357 erat
1064 4310 1214 4357 colore
1229 4311 1412 4372 quidem
1432 4313 1635 4372 candida,

506 4379 583 4428 sed
605 4390 832 4443 purpureo
851 4375 991 4424 limbo
1013 4374 1323 4439 circumsepta.

1708 1655 1970 1704 Laticlaot‘a
1993 1654 2147 1703 tunica
2168 1657 2262 1703 fere
2279 1656 2543 1702 Senatorum
2562 1662 2659 1699 erat
2675 1666 2789 1723 pro3

1648 1720 1761 1784 pria,
1789 1732 1844 1769 ut
1881 1721 2196 1781 angusticlavia
2229 1721 2465 1782 Equitum.
2529 1718 2673 1763 Erant
2710 1716 2791 1761 iarn

1649 1785 1762 1832 clavi
1785 1786 1998 1848 purpurei
2021 1784 2156 1848 panni
2179 1785 2288 1833 albis
2310 1784 2476 1832 tunicis
2498 1782 2656 1835 insuti,
2690 1780 2787 1827 cla-

1649 1865 1811 1897 vorum
1850 1850 2029 1907 forma3
2078 1851 2226 1910 (aurei
2268 1848 2441 1912 patagia
2480 1845 2788 1901 dicebantur.)

1655 1915 1910 1978 Purpureus
1954 1917 2040 1961 late
2069 1918 2145 1979 qui
2172 1915 2412 1978 splendeat,
2445 1931 2552 1960 unus
2584 1920 2627 1958 et
2662 1912 2789 1958 alter

1658 1981 1871 2027 Ass-'itur
1883 1991 2072 2044 pannus.
2102 1980 2177 2026 De
2194 1982 2312 2026 Arte
2326 1980 2455 2026 Po‘e‘t.

1725 2045 1966 2109 Prunaeque
2006 2044 2217 2092 vatillum
2233 2065 2252 2099 ,-
2301 2045 2372 2091 De
2412 2044 2573 2090 balneis
2602 2040 2791 2104 publicis

1652 2119 1819 2174 prunas
1839 2109 1921 2157 sibi
1944 2109 2109 2156 domm
2131 2129 2159 2156 a
2182 2109 2444 2156 mediastinis
2474 2109 2634 2171 affin-i
2660 2121 2791 2167 nag-

1661 2172 2792 2297 ‘'v‘'32:522&112‘.{⁶{2‘:„¹·2.2};¹22.{{3³5.‘:”‘¹⁰³”0'

1662 2304 1998 2367 praeferebatur.
2059 2305 2173 2350 Erat
2207 2314 2360 2350 autem
2390 2302 2598 2349 vatillum
2627 2299 2796 2361 patella

1663 2370 1869 2430 quaedam
1906 2368 2068 2424 ferrea,
2108 2384 2194 2431 qun
2226 2367 2341 2427 ignis
2379 2365 2799 2417 circumferebatur,

1668 2437 1795 2497 quasi
1810 2443 2009 2496 parvum
2025 2451 2136 2480 vas:
2163 2433 2282 2495 quod
2301 2432 2498 2480 ostendit
2510 2428 2798 2489 Rutgersius.

1671 2498 1902 2546 Bentleius
1928 2499 2103 2561 scripsit
2136 2498 2355 2554 batillum,
2387 2498 2509 2559 quod
2530 2496 2651 2542 idem
2674 2493 2795 2541 valet

1670 2564 1843 2611 diverso
1864 2563 2055 2625 prolatu.
2084 2563 2161 2610 De
2183 2581 2284 2617 vas,
2296 2565 2442 2618 vasis,
2453 2572 2634 2608 vetuste
2654 2562 2797 2614 vatis,

1670 2628 1766 2675 fieri
1785 2628 1962 2675 videtur
1976 2627 2198 2674 vatillum.
2231 2628 2287 2675 B.
2317 2627 2393 2674 De
2415 2625 2578 2686 insigni
2599 2625 2789 2686 quodam

1674 2693 1857 2740 honoris
1877 2693 1950 2740 hic
1972 2692 2061 2753 agi,
2088 2704 2262 2739 certum
2296 2704 2382 2748 est,
2409 2691 2488 2753 qui
2518 2706 2612 2737 non
2634 2703 2793 2736 conre-

1675 2758 1795 2805 niret
1816 2757 1922 2805 huic
1937 2756 2129 2804 homini.
2160 2757 2368 2813 Batinus,
2381 2754 2581 2815 singulos
2598 2753 2800 2806 arbitror,

1677 2822 1873 2870 decuisse
1893 2822 2028 2869 talem
2054 2821 2380 2882 magistratum,
2412 2821 2544 2867 docet
2566 2820 2669 2866 Cic.
2686 2819 2795 2877 Agr.

1679 2900 1725 2937 2.
1746 2903 1786 2934 c·
1807 2899 1886 2948 34.
1933 2887 2046 2953 Qo
2067 2887 2214 2934 minus
2235 2886 2407 2934 bacillos
2424 2887 2581 2951 pruner'
2604 2901 2641 2931 s.
2665 2884 2798 2947 pm?

1678 2951 1864 3014 probare
1884 2966 2136 3014 possumus,
2149 2966 2260 3014 quos
2280 2950 2388 2998 huic
2404 2951 2507 2998 loco
2528 2948 2697 2996 inferre
2717 2964 2800 2994 nu·

1679 3033 1758 3079 per
1780 3029 1968 3064 conatus
1988 3028 2057 3063 est
2080 3016 2149 3062 H.
2195 3015 2490 3071 Baruffaldus‚
2507 3013 2578 3059 vir
2598 3011 2801 3060 doctissi-

1682 3096 1800 3136 mus,
1830 3083 1884 3128 de
1907 3081 2157 3128 Hortatore
2186 3080 2371 3129 nautico
2399 3096 2444 3144 p.
2466 3092 2583 3136 141,
2615 3078 2803 3141 (Opust.

1679 3146 1889 3194 scientiff.
1919 3158 1965 3193 et
1992 3144 2166 3208 philon.
2184 3146 2277 3194 To.
2298 3145 2398 3206 29.)
2464 3144 2632 3206 Neque
2661 3142 2805 3205 placet

1682 3209 1879 3258 Landini
1904 3211 2143 3265 sententia,
2162 3226 2326 3274 prunas
2347 3208 2567 3257 adhibitas
2588 3206 2806 3268 stigmatis

1682 3275 1926 3323 inurendis.
1989 3275 2154 3337 Neque
2190 3277 2382 3323 usitatus
2415 3286 2517 3321 turn
2548 3283 2647 3320 erat
2666 3271 2809 3318 honos

1683 3339 1948 3403 praeferendi
1985 3339 2099 3399 iguis
2121 3356 2155 3387 s.
2176 3340 2453 3402 lampadum,
2481 3353 2621 3400 quern
2655 3348 2805 3400 posta

1684 3416 1956 3467 usurparunt
1973 3406 2268 3466 Imperatores
2279 3402 2495 3460 Romani,
2508 3403 2562 3449 de
2577 3417 2670 3464 quo
2684 3400 2811 3462 Lips.

1685 3470 1741 3518 ad
1760 3470 1876 3518 Tac.
1896 3472 1989 3516 An.
2008 3470 2121 3515 Exc.
2143 3473 2200 3516 A.
2237 3469 2390 3517 Fuerit
2411 3468 2548 3528 igitur
2568 3467 2646 3514 hic
2666 3466 2809 3513 varil-

1684 3537 1764 3581 Ius.
1785 3551 1822 3584 s.
1841 3535 2016 3583 basillus
2027 3533 2211 3583 foculus
2221 3532 2494 3583 sacrificandi
2510 3547 2642 3579 causa
2659 3529 2812 3594 prtia-

1686 3612 1761 3647 tus
1793 3600 1900 3647 huic
1932 3599 2235 3658 magistratui:
2273 3614 2378 3646 curn
2412 3596 2527 3645 nihil
2548 3597 2613 3642 rei
2635 3594 2812 3658 majoris

1687 3680 1814 3725 agere
1832 3664 2025 3711 solerent
2040 3663 2133 3713 sine
2150 3664 2378 3712 sacrificio.
2398 3663 2645 3710 Adventus
2656 3673 2809 3707 autem

1689 3729 1954 3776 Maecenatis
1989 3740 2036 3777 et
2066 3729 2344 3792 reliquorum
2367 3743 2435 3774 res
2458 3725 2599 3774 videri
2629 3722 2815 3772 maximi

1691 3794 1908 3841 momenti
1930 3793 2145 3856 potuerit.
2187 3795 2251 3841 G.

1757 3871 1818 3920 37
1855 3860 2046 3906 Formicu
2088 3859 2234 3907 urben
2270 3857 2511 3922 significat,
2552 3855 2653 3902 hinc
2695 3871 2817 3902 na·-

1690 3943 1770 3989 qoee
1787 3925 1889 3990 fuit
1920 3924 2112 3988 familia
2155 3923 2500 3971 Mamurrarum
2533 3921 2702 3969 honesta
2736 3921 2825 3967 loco·

1693 3999 1815 4036 nara.
1844 3990 1955 4036 Vct.
1978 3988 2130 4035 Schol.

1758 4052 1821 4114 38
1856 4055 2098 4111 Muraena,
2153 4052 2291 4101 frater
2330 4051 2407 4099 hic
2448 4063 2546 4100 etat
2585 4046 2820 4098 Terentia

1691 4118 1847 4168 uxoris
1866 4117 2155 4166 Maeceuatis.

1758 4185 1941 4232 Domum
1953 4207 1971 4240 ,-
2006 4185 2249 4248 hospitium.
2280 4182 2391 4229 Vet.
2412 4180 2563 4229 Schol.

1763 4250 1960 4296 Cutinam
1974 4272 1991 4305 ,-
2022 4248 2069 4296 h.
2087 4264 2130 4295 e.
2148 4266 2315 4296 canam.
2345 4247 2456 4294 Vct.
2475 4244 2631 4293 Schol-

1696 4326 1822 4428 1339
1856 4315 2042 4364 Postera
2076 4316 2157 4363 lux
2189 4316 2364 4372 oritur-3
2396 4311 2586 4361 ridicule
2621 4307 2816 4359 imitatur

1737 4395 1874 4444 pncos.
