3000 4979
846 309 1549 381 EPISTOLARUM
1596 312 1750 381 Lm.
1786 313 1838 378 1.
1863 321 1936 387 9.

2426 322 2564 389 475

492 491 671 557 Fidis
704 489 993 555 offendar
1022 487 1306 564 medici3‚
1353 489 1591 554 irascar
1619 489 1837 554 amicis
1855 512 1875 567 3

319 614 400 670 10

491 602 630 667 Cur
658 625 762 666 me
793 600 1046 667 funesto
1074 613 1426 684 properent
1456 621 1673 663 arcere
1702 598 2016 665 veterno?

493 712 662 790 Quae
693 723 975 775 nocuere
1004 731 1254 795 sequar,
1301 709 1542 796 fugiam
1567 729 1712 794 quae
1740 709 2000 794 profore
2029 711 2322 778 credam:
2416 759 2421 764 -

492 823 725 888 Rotnae
759 821 974 886 Tibur
1002 841 1209 884 amem
1238 833 1562 897 ventosus,
1612 819 1861 885 Tibure
1896 821 2195 886 Romam.

493 932 653 997 Post
684 931 845 1008 hoec,
897 944 968 995 ut
996 929 1223 1007 valeat,
1272 951 1401 1016 quo
1429 942 1622 1015 pacto
1651 950 1788 993 rem
1816 944 1999 1018 gerat
2025 944 2090 996 et
2118 955 2224 1010 se3
2295 987 2300 992 .

489 1041 587 1108 Ut
614 1042 868 1128 placeat
896 1039 1151 1117 Juveni,
1201 1050 1601 1124 percontare,
1648 1052 1845 1125 utque
1874 1040 2146 1107 cohorti.
2207 1057 2212 1064 '

322 1160 401 1216 15
497 1151 566 1216 Si
599 1150 789 1229 dicet,
842 1151 1044 1216 Recte
1062 1173 1079 1226 3
1125 1151 1405 1233 primum
1438 1146 1757 1235 guadere3
1804 1150 2079 1215 subinde

492 1261 897 1348 Praeceptum
930 1259 1233 1327 auriculis
1263 1256 1387 1324 hoc
1418 1258 1729 1324 instillare
1758 1274 2121 1338 mementog

494 1370 590 1436 Ut
618 1384 692 1436 tu
719 1371 1065 1450 fortunam,
1113 1371 1206 1436 sic
1236 1392 1355 1438 nos
1386 1382 1470 1448 te,
1523 1369 1730 1447 celse,
1777 1369 2070 1435 feremus.

221 1558 288 1596 ιι
322 1557 544 1597 venturus
561 1545 707 1595 MSS.
733 1548 1050 1615 Cruqm'aaei,ee
1081 1549 1230 1596 Bentl.
1294 1543 1377 1591 Sed
1402 1537 1616 1592 v'entosus
1646 1549 1776 1594 etiam
1806 1546 1928 1594 Sero.
1962 1548 2030 1596 ad
2061 1548 2194 1615 Vir-g.
2226 1552 2342 1599 AEn.
2374 1565 2423 1610 4.
2455 1564 2569 1614 224.

1081 1626 1146 1671 14
1177 1624 1312 1675 atque
1336 1610 1437 1657 coh.
1461 1610 1560 1658 Veae
1585 1610 1720 1659 Glar-

992 1965 1582 2051 EPISTOLA
1667 1968 1829 2051 IX.

857 2168 966 2216 AD
1023 2169 1459 2219 CLAUDIUM
1517 2169 1950 2218 NERONEM.

217 2318 410 2383 Egregie
443 2317 641 2365 callidum
677 2331 720 2367 et
758 2318 950 2383 rigidum
992 2323 1234 2387 Principem
1278 2322 1495 2371 demulcet.
1559 2323 1617 2370 B.
1682 2322 1761 2369 Ne
1800 2324 2133 2373 commendatio
2170 2328 2290 2389 apud
2322 2328 2565 2380 Tiberium

288 2384 549 2446 superbum,
590 2385 879 2443 invidiosum,
911 2387 1187 2450 suspicacem
1220 2401 1336 2436 esset
1369 2404 1482 2435 vana
1516 2399 1563 2435 et
1594 2387 1739 2446 irrita,
1768 2388 2011 2437 admodum
2045 2403 2178 2438 caute
2208 2404 2255 2440 et
2287 2396 2564 2445 considerate

293 2463 389 2497 lm
411 2459 591 2498 tractit-

492 2602 891 2681 SEP‘anS,
943 2604 1199 2684 Claudi,
1246 2606 1553 2672 nimirum
1584 2605 1884 2695 iutelligit
1916 2631 2102 2685 unm,

483 2713 730 2791 Quanti
760 2739 864 2783 me
893 2715 1106 2782 faciaS.

291 2915 352 2950 10
381 2904 541 2952 Sentio
583 2922 690 2953 cum
739 2906 968 2968 Stephano
1012 2905 1136 2954 hunc
1178 2920 1360 2952 versum

216 2982 328 3014 cum
367 2970 716 3031 [interrogatione
749 2972 1102 3035 proferendum:
1138 2981 1206 3018 est
1237 2970 1360 3017 enim

217 3032 459 3095 Ethopoeia
480 3035 639 3083 offensi
660 3049 706 3083 et
728 3036 1008 3098 impatientia
1032 3035 1291 3082 laborantis.

288 3099 467 3147 funesto
483 3121 501 3155 ,-
538 3101 656 3154 diro.
686 3113 733 3149 et
755 3101 986 3164 pestifero.

294 3164 493 3222 Veterno,
527 3165 748 3227 lethargo.

294 3240 350 3275 11
390 3230 493 3289 Qua
540 3248 712 3279 nocuere
725 3253 741 3284 ‚-
794 3230 952 3292 supple
998 3232 1102 3294 quia
1145 3228 1240 3277 aia-3
1283 3230 1362 3277 τοῦ

219 3294 372 3341 κοινοῦ.
404 3295 459 3341 Β.
542 3297 731 3344 Medeae
753 3296 993 3344 Ovidianae
1025 3312 1070 3342 se
1102 3295 1213 3343 facit
1234 3296 1359 3342 simi-

216 3358 328 3413 lem,
369 3361 501 3408 video
545 3363 717 3409 meliora
749 3362 977 3427 proboque,
1019 3362 1253 3408 Deterioro
1290 3379 1359 3408 se-

217 3441 346 3489 quor.
411 3426 537 3474 Met.
561 3437 606 3485 7.
627 3439 708 3474 20.
740 3429 803 3473 G.

291 3500 352 3537 12
387 3490 461 3537 De
485 3492 621 3538 simili
646 3491 943 3540 inconstantia
961 3492 1212 3539 vid.Serm.
1236 3492 1297 3537 11.
1317 3501 1362 3547 7.

219 3551 301 3604 28.
327 3555 550 3614 Veniunt,
571 3557 681 3604 levis
700 3569 748 3604 et
770 3558 1047 3615 inconstans,
1067 3555 1261 3603 mobilis.
1294 3557 1359 3603 Z.

294 3631 352 3680 13
392 3622 533 3668 Gerot
546 3643 564 3677 ‚⁸
608 3622 784 3670 babent.
817 3623 870 3669 B.
933 3625 1043 3669 Rem
1058 3630 1189 3685 gerat
1210 3622 1265 3668 ad
1286 3623 1358 3668 of-

218 3684 311 3733 ficii
343 3685 513 3746 publici
545 3687 766 3735 rationem
810 3688 1024 3751 pertinet,
1072 3705 1117 3735 se
1140 3695 1271 3751 gerat
1300 3688 1358 3734 ad

218 3751 440 3814 privatam
462 3752 603 3800 vitam
626 3763 672 3800 et
694 3768 857 3800 mores.
888 3756 952 3800 G.

290 3829 352 3873 1⁴
389 3817 594 3872 Cohortt‘f
615 3818 995 3874 Comitatui,sive
1018 3820 1359 3864 Assectatorum

215 3881 358 3942 gregi.
404 3883 522 3929 Erat
536 3887 646 3930 enin
666 3885 807 3932 scriba
827 3885 1027 3931 utilitum.
1076 3885 1190 3929 Vet.
1211 3882 1363 3930 Schol.

227 3947 373 4008 Cruq.
408 3947 466 3993 Β.
518 3949 673 3996 Cohors
703 3950 877 4011 proprie
911 3947 1099 3995 comites
1132 3948 1364 4006 magistra-

221 4022 358 4058 tuum
393 4013 755 4073 provincialium.
788 4016 851 4061 G.
916 4015 1105 4068 Juveni,
1135 4012 1180 4058 h.
1202 4029 1243 4061 c.
1279 4014 1366 4059 Ti-

219 4076 351 4124 berio
374 4078 588 4137 Claudio,
618 4079 698 4141 qui
720 4091 822 4127 tum
843 4077 1027 4126 circiter
1041 4092 1184 4125 annos
1200 4078 1361 4138 viginti

223 4143 320 4188 duo
341 4155 475 4191 notus
492 4156 602 4191 erat.
640 4146 703 4191 Z.

288 4219 350 4266 15
386 4209 517 4256 Recte
532 4231 549 4264 ‚-
591 4212 771 4257 animus
812 4209 943 4257 nobis
985 4207 1252 4272 plerumque
1294 4218 1362 4254 est

224 4287 388 4320 norma
410 4285 539 4322 recn-

217 4404 259 4449 ε
284 4338 512 4399 Gaudere,
550 4342 702 4407 supple
742 4308 813 4391 “⁷
851 4342 998 4389 dicito.

262 4418 369 4467 tuq.

1198 2741 1347 2783 nam
1380 2741 1529 2783 cum
1559 2732 1764 2807 rogat,
1812 2733 1874 2783 et
1905 2741 2096 2805 prece
2129 2721 2304 2809 cogit

1492 2904 1693 2962 Subinde,
1717 2906 1896 2962 deinde,
1927 2917 1979 2953 ut
2011 2906 2210 2953 ostendit
2242 2906 2472 2968 Cruquius
2505 2924 2560 2955 ex

1426 2971 1578 3017 vauae
1614 2970 1860 3030 elegantiis.
1895 2970 1949 3016 B.
2015 2972 2103 3018 Sed
2147 2972 2203 3017 ad
2240 2972 2559 3033 repetitionem

1421 3035 2472 3160 P‘Tz‘pzfflff‘3:213522303223322313·
2503 3113 2558 3151 ..t

1424 3182 1561 3213 nemo
1587 3164 1755 3213 audiat.

1491 3242 1550 3289 17
1587 3233 1822 3277 Fortunam
1840 3228 1994 3290 supple
2015 3247 2234 3293 magnam.

1489 3297 1584 3342 Nos
1604 3315 1621 3342 .·
1658 3295 1812 3341 debuit
1831 3292 1978 3342 dicere
1998 3295 2243 3344 Claudium
2261 3306 2307 3342 et
2331 3296 2560 3358 Comites,

1423 3377 1583 3409 verum
1607 3361 1774 3407 urbane
1796 3359 2045 3407 dissimulat
2066 3361 2187 3422 quod
2212 3361 2355 3408 amice
2385 3375 2564 3421 monet,

1425 3442 1482 3473 ne
1505 3427 1596 3473 fido
1618 3424 1872 3473 offendatur
1897 3425 2090 3473 medico.
2123 3427 2177 3473 B.
2243 3429 2310 3474 Ut
2332 3439 2403 3486 tu,
2435 3440 2559 3475 recte

1424 3507 1481 3537 an
1505 3492 1620 3537 male
1644 3503 1691 3538 et
1713 3489 1975 3546 insolenter,
2003 3491 2096 3538 fers
2117 3492 2369 3551 fortunam,
2387 3493 2452 3541 sic
2471 3493 2559 3542 ho-

1421 3556 1568 3604 mines
1587 3557 1642 3603 de
1665 3569 1713 3604 te
1733 3556 2072 3604 existimabunt.
2105 3559 2171 3605 Z.

1830 3704 2031 3752 EPIST.
2061 3706 2153 3752 lx.
2227 3726 2242 3748 η

1491 3830 1519 3864 1
1553 3816 1695 3864 Titus
1716 3815 1960 3878 Septimius
1974 3817 2127 3879 Eques
2139 3817 2377 3869 Romanus
2392 3834 2490 3871 erat
2510 3836 2562 3875 et

1428 3882 1571 3929 Poeta
1593 3882 1793 3941 insignis,
1807 3894 1940 3942 atque
1963 3880 2072 3928 olim
2094 3882 2276 3931 Horatii
2290 3888 2562 3938 commilito.

1428 3948 1483 3994 B.
1530 3947 1657 3993 Idem
1675 3947 1729 3993 ad
1752 3962 1888 4008 quem
1910 3959 1979 3994 est
1995 3947 2163 3998 Cara.
2177 3947 2224 3997 6.
2257 3950 2319 3999 G.
2350 3951 2404 4016 [†
2418 3968 2557 4016 quem

1431 4014 1569 4060 etiam
1592 4012 1743 4059 laudnt
1765 4012 1850 4074 Ep.
1875 4024 1919 4059 1.
1940 4025 1988 4072 3.
2007 4011 2084 4077 9.]

1495 4079 1724 4123 Nimirum
1743 4098 1759 4131 ‚-
1796 4088 2017 4139 quantum
2052 4089 2246 4138 con-tat,
2274 4080 2325 4127 ni
2358 4082 2562 4134 multum

1426 4141 1578 4189 fallor.

1497 4209 1655 4264 Unus,-
1688 4222 1793 4255 nam
1837 4219 1896 4257 et.
1925 4209 2097 4272 meipso
2136 4208 2299 4259 melius
2336 4213 2479 4261 novit.
2512 4215 2566 4263 13.

1360 4306 1365 4313 .
1430 4273 1554 4332 Ergo
1575 4287 1667 4319 non
1693 4274 1987 4321 metuendum
2012 4286 2098 4335 est,
2130 4290 2186 4322 nc
2209 4285 2254 4324 te
2276 4280 2568 4328 commenda-

1061 4339 1173 4387 Vet.
1211 4337 1369 4387 Schol.
1432 4337 1558 4387 tione
1579 4336 1771 4385 aliorum
1795 4338 2059 4387 obtundam.
2093 4341 2158 4389 Z.

1497 4415 1531 4455 2
1566 4403 1846 4459 Concinnior
1868 4404 1982 4453 mihi
2006 4406 2187 4475 videtur
2204 4406 2303 4457 haec
2320 4407 2571 4473 Scriptura,
