3000 4979
348 306 480 372 306
1046 302 1132 378 Q.
1184 302 1602 370 HORATII
1658 300 2004 368 FLACCI

1229 846 1651 930 SATIRA
1711 845 1877 928 III.

697 1076 788 1162 ,ΙΝ
823 1112 1408 1161 OBTRECTATORES
1446 1111 1535 1159 ET
1571 1111 2043 1161 SUPERCILIUM
2078 1111 2403 1160 ST01CUM.

401 1297 525 1346 Cum
546 1296 792 1356 Tigellium
814 1298 872 1344 ob
905 1312 1130 1344 summam
1164 1295 1394 1344 levitatem
1419 1308 1465 1344 et
1499 1295 1846 1343 inconstantiam
1880 1293 1928 1340 in
1962 1294 2094 1342 dictis
2124 1307 2170 1342 et
2195 1294 2324 1343 factis
2354 1294 2754 1357 reprehendisset,

467 1362 624 1409 transit
647 1363 748 1409 inde
779 1363 834 1409 ad
854 1363 1193 1425 vituperandam
1216 1362 1592 1410 consuetudinem
1620 1361 1857 1423 pessimam
1880 1359 2014 1407 istam
2037 1373 2085 1407 et
2106 1362 2349 1409 admodum
2371 1361 2598 1419 vulgarem
2621 1362 2752 1408 vitia

466 1427 537 1474 vel
556 1427 776 1474 levissima
798 1427 990 1475 aliorum
1014 1428 1191 1474 acutius
1211 1428 1471 1475 observandi
1493 1440 1539 1473 et
1557 1426 1758 1473 acerbius
1779 1425 2118 1487 perstringendi.
2184 1425 2389 1488 AEquius
2410 1439 2497 1480 est.
2515 1426 2696 1488 iuquit,
2709 1425 2755 1473 si

467 1493 527 1540 ob
548 1493 738 1539 virtutes
760 1493 948 1554 majores
970 1492 1077 1539 vitia
1098 1491 1267 1539 leviora
1288 1493 1497 1540 feruntur
1528 1492 1693 1538 leniter
1712 1509 1724 1537 ε
1776 1489 1936 1547 veluti,
1957 1491 1993 1536 si
2015 1491 2115 1551 quis
2134 1503 2202 1538 est
2236 1491 2507 1548 iracundior,
2527 1504 2610 1538 aut
2641 1491 2758 1552 ejus

469 1559 582 1605 odor
597 1557 749 1605 minus
769 1570 922 1616 gratus
943 1570 1012 1605 est
1032 1557 1216 1604 naribus
1236 1557 1380 1605 acutis
1400 1556 1705 1613 aliorum,aut
1728 1555 1775 1602 in
1792 1555 1919 1602 cultu
1933 1555 2130 1617 corporis
2144 1568 2189 1603 et
2206 1555 2369 1603 vestitu
2389 1571 2545 1618 parum
2563 1556 2763 1615 elegans

473 1622 723 1684 reperitur3
775 1623 894 1670 idem
915 1623 1034 1670 forte
1057 1635 1124 1669 est
1149 1623 1220 1669 vir
1240 1622 1404 1679 bonus,
1423 1621 1505 1668 tibi
1530 1621 1717 1676 amicus,
1738 1633 1784 1667 et
1824 1620 2005 1679 ingenio
2028 1635 2191 1679 magno
2216 1620 2458 1682 praeditus3
2492 1621 2762 1683 presertim

474 1702 579 1735 cum
601 1687 803 1734 fortassis
825 1687 946 1734 vitiis
964 1699 1062 1735 tute
1086 1688 1177 1749 ipse
1210 1687 1400 1745 labores,
1420 1686 1511 1734 sive
1535 1703 1559 1732 a
1582 1698 1741 1733 natura
1764 1685 1909 1732 insitis
1940 1685 2032 1731 sive
2068 1701 2092 1731 a
2126 1686 2242 1732 mala
2275 1687 2601 1733 consuetudine
2635 1701 2767 1732 eon-

475 1753 645 1799 tractis.
710 1753 887 1814 Quodsi
922 1753 1155 1799 imitamur
1175 1765 1431 1801 amatorum
1454 1763 1534 1799 aut
1556 1754 1790 1813 parentum
1827 1765 2020 1807 morem,
2049 1751 2125 1811 qui
2151 1750 2256 1797 vitia
2280 1751 2479 1813 corporis
2501 1753 2763 1798 amicarum

478 1830 527 1865 et
548 1817 744 1865 filiorum
767 1829 1013 1865 extenuant
1031 1829 1076 1864 et
1098 1817 1293 1876 elevant,
1316 1819 1426 1864 adeo
1448 1829 1503 1864 ut
1525 1832 1680 1879 parcus
1702 1814 1831 1862 nobis
1847 1815 2023 1862 dicatur
2043 1815 2179 1875 frugi.
2199 1814 2335 1863 nimis
2348 1816 2531 1863 sedulus
2554 1828 2603 1863 et
2620 1816 2768 1861 arde·

480 1884 545 1930 lio
567 1895 755 1929 vocetur
781 1883 1030 1928 amicorum
1065 1883 1307 1938 studiosus,
1340 1881 1650 1929 vehementior
1672 1881 1719 1926 in
1757 1895 1998 1939 congressu
2020 1891 2067 1927 et
2089 1896 2295 1927 sermone
2328 1879 2509 1928 liberior
2529 1881 2774 1927 habeatur

483 1946 576 1995 doli
597 1961 755 2007 expers
786 1959 832 1992 et
853 1962 1112 2006 generosus,
1130 1948 1312 2008 pronior
1334 1947 1388 1994 ad
1411 1948 1523 1993 iram
1548 1958 1593 1993 et
1610 1946 1755 2007 jurgia
1789 1960 2054 1992 numeretur
2075 1945 2191 1992 inter
2213 1946 2463 2002 animosos:
2505 1946 2594 1992 hoc
2616 1945 2772 2004 magis

485 2014 542 2060 ad
565 2011 808 2058 amicitiam
833 2011 1156 2058 conciliandam
1177 2013 1616 2074 conservandamque
1641 2011 1775 2065 valet,
1801 2025 1937 2073 quam
1970 2011 2005 2056 si
2028 2020 2184 2057 contra
2207 2011 2399 2057 virtutes
2431 2011 2689 2059 amicorum
2716 2009 2778 2055 in.

487 2076 597 2123 vitia
620 2077 965 2137 detorquemus:
1018 2075 1055 2122 si
1085 2092 1126 2123 v.
1163 2093 1204 2136 g.
1226 2076 1394 2138 probus
1414 2088 1600 2123 vocatur
1621 2074 1805 2124 humilis
1827 2089 1873 2124 et
1896 2074 2122 2138 abjectus;
2169 2089 2346 2133 cautus„
2363 2077 2602 2138 stupidus;
2648 2090 2776 2136 pru-

489 2143 600 2189 dens
624 2152 671 2187 et
694 2140 880 2201 diligens
901 2142 949 2187 in
972 2140 1179 2188 cavendis
1200 2141 1386 2198 insidiis,
1404 2142 1535 2189 fictus
1557 2153 1603 2187 et
1622 2152 1828 2198 astutus;
1862 2156 1954 2187 non
1978 2139 2083 2188 satis
2106 2152 2265 2187 cautus
2286 2152 2333 2188 et
2350 2140 2447 2202 qui,
2462 2141 2777 2204 quemadmo-

492 2208 603 2253 dum
625 2222 708 2266 ego
729 2221 863 2267 saepe,
883 2207 958 2252 sed
979 2205 1074 2252 sine
1097 2205 1361 2262 offensione,
1391 2207 1696 2253 Maecenatem
1735 2205 1991 2268 interpello,
2009 2204 2205 2253 amicum
2243 2204 2467 2266 legentem
2505 2217 2587 2253 aut
2621 2204 2782 2251 medi·

495 2283 669 2318 tantem
699 2286 905 2318 sermone
933 2285 1028 2317 non
1062 2272 1307 2319 necessatio
1328 2271 1600 2334 interpellat,
1621 2270 1838 2319 molestus
1859 2271 2024 2318 dicitur
2056 2281 2102 2318 et
2131 2286 2286 2318 sensus
2317 2271 2573 2318 communis
2595 2284 2783 2331 expers-

496 2336 620 2383 Cum
645 2350 781 2383 nemo
801 2335 896 2383 sine
918 2334 1042 2382 vitiis
1060 2337 1147 2394 sit;
1179 2337 1392 2399 probetur
1415 2337 1468 2394 is,
1487 2336 1567 2398 qui
1591 2335 1792 2383 minimis
1814 2347 1881 2383 est
1913 2336 2127 2393 infectus,
2145 2347 2191 2382 et
2213 2335 2326 2384 alter
2348 2335 2535 2383 alterius
2555 2335 2679 2383 vitiis
2703 2335 2781 2394 ig·

495 2413 666 2448 noscat.
731 2401 780 2447 Si
800 2400 943 2455 enim,
971 2416 1027 2448 ex
1057 2402 1279 2449 sententia
1303 2402 1580 2458 Stoicorum,
1601 2417 1682 2449 nos
1703 2402 1853 2448 caeteri
1876 2416 2030 2448 sumus
2054 2400 2201 2458 stulti,
2221 2417 2304 2448 nec
2327 2417 2352 2447 a
2370 2401 2493 2448 vitiis
2520 2401 2650 2447 liberi
2670 2415 2779 2446 esse

498 2481 764 2529 possumus;
796 2480 876 2513 cur
905 2481 997 2514 non
1028 2482 1186 2515 sumus
1207 2465 1324 2529 aequi
1339 2467 1535 2531 judices,
1553 2479 1602 2515 et
1623 2481 1773 2531 poenas
1794 2466 1987 2530 peccatis
2010 2465 2209 2530 :equales
2243 2465 2495 2527 irrogamus
2515 2463 2536 2516 ἓ
2571 2466 2695 2515 Nam
2736 2464 2777 2510 si

501 2534 684 2579 insanus
706 2532 915 2588 habetur,
934 2531 1014 2594 qui
1036 2548 1212 2579 servum
1236 2533 1295 2580 ob
1317 2533 1520 2592 tepidum
1541 2532 1614 2592 jus
1634 2535 1919 2592 degustatum
1953 2532 2073 2579 cruci
2098 2530 2236 2591 affigit
2254 2549 2269 2590 ς
2315 2548 2468 2579 nonne
2500 2532 2678 2593 gravius
2707 2541 2787 2576 est

500 2597 698 2644 amicum
720 2611 800 2658 pro
834 2596 921 2643 levi
943 2612 1091 2645 errore
1113 2598 1259 2645 odisse
1293 2610 1338 2645 et
1360 2595 1550 2657 fugere?
1596 2599 1721 2645 Istud
1757 2597 1876 2644 enim
1901 2597 2181 2653 Stoicorum,
2198 2598 2352 2644 omnia
2373 2610 2556 2659 peccata
2579 2611 2674 2644 esse
2695 2610 2784 2657 pa-

502 2662 584 2717 ria,
614 2662 882 2709 convellitur
914 2677 939 2708 a
973 2674 1132 2709 natura
1166 2677 1341 2717 rerum,
1360 2678 1492 2709 sensu
1516 2663 1752 2725 cujusque,
1784 2664 1876 2726 ipsa
1902 2662 2098 2709 utilitate
2120 2662 2352 2710 communi
2375 2674 2420 2709 et
2445 2661 2782 2711 consuetudine

505 2726 792 2788 populorum.
855 2726 937 2773 Ad
960 2738 1216 2774 extremum
1239 2727 1355 2774 ridet
1379 2728 1636 2775 Stoicorum
1658 2729 1849 2784 fastum,
1867 2726 1946 2789 qui
1968 2727 2215 2789 sapientem
2238 2726 2385 2775 solum
2416 2729 2649 2790 jactabant
2679 2739 2783 2771 esse

508 2791 696 2838 divitem
718 2803 766 2839 et
790 2805 958 2852 regem,
977 2803 1023 2839 et
1045 2792 1156 2840 dicit
1176 2808 1223 2839 se
1245 2791 1381 2840 malle
1400 2808 1494 2840 esse
1518 2792 1712 2841 stultum
1735 2805 1780 2841 et
1802 2792 2051 2856 privatum,
2068 2807 2205 2854 quam
2228 2808 2334 2840 cum
2358 2792 2523 2840 Stoicis
2546 2805 2698 2857 sapere
2731 2802 2783 2835 et

510 2872 708 2916 regnare.

717 3035 1050 3101 OMrunus
1080 3036 1206 3102 hoc
1235 3037 1465 3103 vitium
1494 3049 1592 3101 est
1624 3037 2017 3114 cantoribus,
2051 3037 2221 3101 inter
2252 3036 2493 3102 amicos

720 3146 820 3211 Ut
851 3170 1180 3234 nunquam
1212 3148 1523 3213 inducant
1554 3147 1841 3210 animum
1871 3157 2130 3211 cantare
2159 3147 2407 3234 rogati;

721 3257 954 3344 Injussi
987 3281 1316 3346 nunquam
1346 3258 1676 3324 desistant.
1769 3257 2010 3324 Sardus
2041 3258 2322 3324 habebat

723 3365 847 3430 Illo
877 3367 1197 3456 Tigellius
1224 3369 1369 3435 hoc.
1465 3370 1709 3448 Coesar‚
1746 3371 1854 3457 qui
1887 3393 2116 3459 cogere
2146 3383 2382 3457 posset,

553 3491 592 3546 5
732 3480 799 3545 Si
832 3492 1076 3566 peteret
1105 3502 1224 3566 per
1253 3481 1602 3545 amicitiam
1629 3482 1829 3568 patris
1859 3494 2050 3567 atque
2082 3505 2283 3559 suam,
2317 3503 2449 3545 non

728 3589 1094 3678 Quicquam
1125 3591 1507 3677 proficeret:
1556 3593 1607 3656 si
1638 3592 2053 3670 collibuisset,
2090 3592 2172 3657 ab
2202 3614 2326 3657 ovo

928 3752 1155 3799 SAT.11.
1669 3751 1886 3815 Epistolis
1900 3755 2058 3815 patria
2087 3770 2167 3799 sua
2193 3752 2529 3818 pestilentiorem
2563 3752 2682 3798 dicit.
2749 3748 2818 3796 Et

541 3827 564 3861 ι
603 3816 746 3877 Supra
771 3816 848 3878 (ad
871 3817 965 3864 Sat.
989 3830 1033 3864 1.
1056 3829 1100 3864 2.
1124 3814 1194 3878 3.)
1220 3817 1499 3865 ostendimus
1519 3817 1611 3864 Ti·
1672 3819 1868 3865 Licinius
1898 3818 2069 3878 (inquit
2104 3817 2217 3865 vet.
2237 3817 2412 3875 Schol.)
2448 3820 2498 3865 de
2540 3817 2825 3878 Hera-egene

475 3879 661 3940 gellium
686 3880 872 3956 Horatii
890 3882 1353 3958 Carmina-unparum
1375 3883 1611 3931 modulata
1673 3900 1837 3948 agens.-
1891 3883 2027 3929 Sardi
2072 3882 2491 3959 Tigelle’r‘fun‘dmfr
2522 3891 2659 3956 caput·
2683 3882 2824 3955 venie.

483 3944 1412 4060 :12⁹‘ahcsflztziaflffiiwffiffl
1434 3962 1621 4059 5:²33
1687 3948 2017 4080 &²223
2036 3945 2829 4061 dfflpizis¹¹v¹ssff¹3¹5h0¹ss⁰b¹¹¹¹⁸⁰⁵

488 4075 647 4122 sumit.
729 4076 958 4136 Significat
991 4091 1140 4124 autem
1184 4092 1442 4139 perversum
1484 4076 1621 4139 hujus
1748 4090 1777 4137 ,ς
1815 4078 1975 4125 Patris
1991 4098 2009 4132 ,·
2058 4076 2170 4125 Divi
2200 4077 2334 4143 Julii,
2354 4080 2482 4142 cuspus
2513 4076 2561 4124 in
2594 4075 2827 4124 comitatu

486 4139 684 4186 hominis
702 4140 936 4201 ingenium
958 4157 1050 4189 non
1071 4142 1222 4189 minus
1239 4142 1345 4189 Arti
1366 4158 1460 4190 suae
1481 4157 1620 4204 quam
1682 4143 1859 4200 fuerat3
1905 4142 2017 4190 illud
2049 4143 2172 4189 enim
2205 4143 2477 4206 significatur
2497 4157 2606 4190 voce
2627 4143 2831 4189 anicia«

482 4205 642 4265 patria:
680 4206 897 4254 Sardinia
933 4206 1099 4254 deberi.
1181 4206 1413 4255 Elevando
1466 4218 1620 4254 autem
1682 4208 1910 4256 hocloco.

485 4269 780 4317 Musicomm
804 4271 1134 4319 professionem
1162 4272 1417 4320 Cantor-ihm
1434 4272 1601 4334 posuit.
1751 4270 1782 4320 6
1823 4272 1960 4320 Ovem
2000 4275 2171 4321 initiunt
2217 4292 2333 4322 cene
2363 4285 2482 4331 erar,
2511 4273 2673 4337 quippe
2712 4268 2837 4333 qud

548 4335 678 4383 Inter
728 4338 913 4394 anticum·
982 4335 1286 4400 supplendum
1342 4337 1622 4385 extrinsecus
1686 4340 1733 4384 r‘n
1756 4349 1888 4401 gustu
1917 4342 2065 4386 seatiu-
2102 4357 2131 4385 a
2161 4339 2321 4387 balneis
2357 4338 2652 4404 ffrebatum
2710 4334 2838 4380 nala

479 4405 573 4448 em.

1689 4422 1793 4451 vero
1816 4407 1859 4452 in
1881 4405 2069 4453 secundis
2089 4407 2242 4454 nensis
2262 4418 2403 4453 erant.
2466 4403 2579 4450 Vet.
2601 4399 2754 4450 schol.

543 4479 570 4526 3
608 4464 753 4516 Hunc
776 4467 925 4530 ipsum
945 4465 1199 4528 Tigellium
1222 4466 1360 4516 etiam
1384 4467 1546 4516 Cicero
1576 4466 1624 4513 in
