3000 4979
934 303 1059 373 ET
1105 302 1679 396 POEMATUM*
1718 305 2006 373 Anao.
2507 310 2636 373 xvii

271 488 572 562 ‘librum
634 483 962 573 alterum,
1022 482 1232 557 annis
1291 483 1613 581 incertis.
1755 482 1961 558 Intra
2041 483 2174 560 hos
2253 484 2620 560 cancellos

303 609 637 688 omnium
676 606 1110 686 Poematimn
1147 606 1426 682 natales
1462 631 1618 682 esse
1654 607 2065 706 ponend03‚
2121 622 2198 684 et
2252 633 2347 684 ex
2403 634 2618 708 argu-

299 737 571 812 mentis
644 732 1101 832 singulorum
1186 746 1263 809 et
1324 758 1418 808 ex
1492 733 1898 808 Annalium
1985 733 2130 809 fide
2219 735 2614 810 constabit.

300 859 490 934 Inde
532 870 674 947 est,
736 855 937 956 quod
990 856 1068 928 in
1128 857 1603 932 Sermonibus
1639 868 1716 931 et
1751 856 2032 955 Epodis
2067 871 2146 933 et
2181 859 2612 935 Carminum

292 987 561 1088 primo,
637 984 890 1058 Coesar
954 1005 1268 1081 semper,
1356 968 1736 1081 nunquam
1824 985 2200 1079 Augustus
2286 982 2610 1077 dicitur3

289 1112 567 1212 quippe
638 1108 767 1206 qui
831 1106 910 1180 id
980 1130 1253 1182 nomen
1321 1118 1770 1182 consecutus
1841 1118 1979 1197 est,
2050 1130 2244 1180 anno
2307 1106 2610 1179 demum

288 1233 540 1309 Flacci
603 1230 981 1304 XXXIX.
1044 1230 1124 1303 in
1189 1233 1666 1330 sequentibus
1725 1255 1899 1307 vero
1934 1232 2203 1330 passim
2239 1231 2611 1326 Augustus

286 1355 777 1457 appellatur*.
884 1354 1074 1431 Inde
1137 1369 1274 1446 est,
1337 1357 1537 1455 quod
1586 1356 1661 1431 in
1702 1355 2176 1432 Sermonibus
2212 1364 2290 1428 et
2324 1350 2607 1450 Epodis

280 1481 649 1558 Juvenem
712 1503 790 1552 se
851 1478 1127 1578 ubique
1182 1478 1518 1569 indicat;
1598 1492 1675 1554 et
1736 1478 1936 1578 quod
1997 1477 2148 1553 sola
2201 1476 2601 1550 Satirarum

281 1606 502 1680 laude
536 1600 963 1678 inclaruisse
1000 1627 1076 1675 se
1104 1601 1318 1692 dicit,
1346 1613 1430 1675 ut
1459 1601 1983 1676 Bucolicorum
2009 1612 2171 1674 tum
2199 1599 2602 1697 Virgilium

297 1729 562 1828 (Serm.
599 1726 665 1799 I.
713 1740 826 1800 10.
865 1751 938 1801 ν.
977 1727 1141 1821 46.)
1182 1723 1381 1798 nulla
1436 1723 1881 1823 Lyricorum
1942 1722 2321 1797 mentione
2375 1721 2602 1797 facta.

300 1855 390 1928 In
466 1855 728 1930 ceteris
813 1864 1063 1928 autem
1126 1850 1431 1950 singulis
1490 1849 1968 1949 procedentis
2031 1849 2268 1923 aetatis
2326 1847 2603 1949 gradus

284 1977 723 2077 plenissimis
758 1976 984 2075 signis
1020 1976 1348 2069 indicat3
1405 1974 1631 2075 idque
1670 1975 1803 2051 tibi
1840 2000 1937 2051 ex
1970 1974 2110 2049 hac
2147 1973 2332 2049 serie
2371 1972 2530 2072 jam
2559 1997 2602 2045 a

273 2128 396 2205 rne
464 2105 974 2177 demonstrata
1028 2099 1448 2198 jucundum
1515 2099 1656 2173 erit
1721 2098 2351 2191 animadvertere3
2427 2120 2599 2171 cum

269 2225 624 2325 operibus
659 2223 1116 2323 juvenilibus
1153 2224 1385 2299 multa
1421 2225 1766 2299 obscaena
1802 2236 1880 2299 et
1917 2223 2281 2322 flagitiosa
2312 2221 2538 2294 insint
2570 2249 2593 2309 ;

266 2344 554 2449 quanto
608 2349 822 2422 annis
880 2350 1300 2446 provectior
1336 2362 1516 2437 erat,
1556 2362 1768 2424 tanto
1804 2373 1976 2423 eum
2017 2360 2093 2424 et
2126 2346 2420 2447 poetica
2455 2344 2597 2417 vir-

262 2486 431 2549 tute
469 2485 550 2548 et
582 2483 1189 2578 argumentorum
1228 2473 1593 2574 dignitate
1640 2474 2155 2573 gravitateque
2210 2469 2594 2545 meliorem

261 2598 813 2695 castioremque
883 2622 1170 2696 semper
1237 2600 1575 2674 evasisse.
1718 2577 2072 2674 Ceterum
2159 2594 2591 2691 ubicunque

258 2722 401 2796 viri
438 2720 848 2796 doctissimi
906 2734 1119 2796 extra
1174 2721 1447 2797 limites
1509 2722 1633 2796 hic
1690 2723 1967 2820 positos
2003 2721 2080 2794 in
2115 2715 2590 2817 adsignandis

258 2845 728 2945 temporibus
761 2856 1195 2943 evagantur,
1248 2845 1469 2919 toties
1504 2842 1609 2917 illi
1646 2846 1725 2917 in
1765 2868 2042 2919 errores
2080 2841 2590 2942 prolabuntur.

262 2968 523 3044 Facile
611 2966 911 3066 quidem
1000 2968 1177 3042 mihi
1240 2967 1433 3043 foret
1491 2968 1572 3042 id
1633 2969 1712 3041 in
1771 2967 2079 3068 singulis
2143 2964 2585 3057 ostendere3

262 3119 529 3171 verum
559 3119 791 3169 unum
829 3094 1053 3169 modo
1087 3094 1494 3170 alterumve
1530 3094 1707 3169 hinc
1744 3095 2140 3194 attingam,
2167 3106 2415 3168 cetera
2436 3104 2588 3188 tuae

256 3217 650 3293 industriae
712 3218 1162 3317 relinquens.
1293 3219 1503 3294 Libri
1567 3223 1631 3295 I.
1694 3218 2012 3292 Carmen
2072 3230 2195 3291 21.
2268 3216 2589 3289 Dianam

250 3357 527 3421 teneroe
560 3344 769 3418 dicite
816 3344 1172 3440 Virgine-5,
1206 3365 1592 3442 perperam
1628 3343 1988 3418 Soeculare
2021 3350 2321 3430 vocant,
2384 3349 2461 3411 et
2493 3336 2594 3410 ad

255 3467 573 3546 Horatii
601 3490 876 3541 annum
912 3466 1203 3541 XLIX.
1241 3465 1622 3560 referunt;
1677 3468 2021 3567 ringente
2050 3443 2429 3550 Suetonio,
2461 3461 2585 3561 qui

244 3608 408 3671 tres
468 3594 903 3670 Carminum
963 3594 1190 3669 libros
1225 3595 1436 3692 longo
1474 3596 1843 3670 intervallo
1881 3620 2053 3669 eum
2090 3563 2587 3690 annumprae-

327 3877 370 3911 ⁴¹·
403 3874 472 3934 Si
503 3883 675 3932 recte
701 3889 885 3932 annos
911 3871 1045 3933 vitae
1075 3870 1313 3933 Horatii
1345 3891 1482 3933 cum
1502 3872 1881 3933 Varronianis
1914 3870 2095 3933 Urbis
2123 3868 2395 3931 Conditae
2422 3886 2584 3927 com-

240 3969 488 4050 paravit
516 3968 860 4040 Massonus,
890 3969 1140 4049 Augusti
1164 3967 1618 4047 appellationem
1641 3968 1902 4048 suscepit
1927 3965 2289 4027 Octavianus
2314 3964 2583 4041 (ineunte

247 4067 334 4126 A.
364 4065 449 4126 U.
486 4063 558 4123 C.
590 4062 757 4139 727.)
788 4082 942 4122 anno
969 4062 1164 4123 adhuc
1194 4062 1429 4123 Horatii
1459 4062 1819 4121 XXXVIII.
1850 4081 2026 4143 quem
2054 4061 2205 4121 libro
2236 4060 2425 4140 primo
2455 4077 2584 4118 car-

237 4162 471 4221 minum
520 4159 723 4220 adhuc
770 4158 1036 4220 attribuit
1081 4160 1207 4239 ipse
1251 4159 1594 4219 Bentleius:
1638 4160 1857 4239 etipse
1885 4170 2051 4218 recte
2077 4157 2293 4217 retinet
2321 4164 2579 4214 veterem

243 4257 488 4318 titulum
523 4257 670 4317 Odae
706 4257 970 4318 secundae
1013 4255 1151 4318 libri
1186 4257 1368 4338 primi
1416 4274 1512 4317 At>
1562 4274 1960 4320 Aueusrtm.
2043 4256 2183 4316 vid.
2211 4253 2481 4315 dictaibi
2507 4252 2585 4315 ad

264 4372 315 4410 v·
334 4357 438 4418 29.
470 4353 689 4416 stn.

1400 4449 1450 4524 b
