3000 4979
947 311 1496 380 SERMONUM
1543 313 1698 378 Lm.
1745 315 1799 379 I.
1848 326 1907 381 5.

2484 321 2612 386 327

552 492 771 558 Multa
805 491 1149 555 Poetarum
1178 489 1393 554 veniat
1422 494 1669 566 manus,
1714 489 1956 553 auxilio
1985 492 2129 576 quoe

547 604 646 668 Sit
675 600 834 666 rnihi
865 606 1043 685 (nam
1073 600 1278 664 multo
1306 599 1524 685 plures
1554 601 1798 680 sumus)
1831 622 1905 664 ac
1936 598 2130 664 veluti
2162 612 2229 663 te

546 711 586 777 J
592 711 759 776 udaei
792 734 1094 800 cogemus
1124 711 1193 775 in
1223 710 1391 774 hanc
1420 710 1773 775 concedere
1804 710 2077 775 turbam.

1093 884 1182 929 141
1218 869 1471 931 auxilioque
1497 870 1656 917 Lamb.
1681 870 1820 916 Chab.

1155 1269 1586 1351 SATIRA
1646 1268 1750 1349 V.

1093 1481 1251 1527 ITER
1290 1482 1811 1531 BRUNDUSINUM.

284 1622 371 1669 Ad
393 1618 726 1680 componendas
746 1616 1069 1664 controversias
1086 1614 1207 1664 inter
1221 1620 1483 1678 Augustum
1503 1629 1549 1664 et
1567 1618 1825 1665 Antonium
1844 1626 1963 1664 ortas
1980 1624 2229 1664 conventus
2244 1617 2476 1679 utriusque
2491 1617 2614 1679 lega-

354 1698 525 1737 torum,
555 1683 612 1729 de
632 1698 725 1744 quo
747 1682 962 1728 videndus
983 1694 1051 1729 est
1072 1682 1167 1728 Dio
1190 1682 1373 1730 Cassius
1397 1683 1625 1730 XLVIII.
1654 1696 1737 1741 54.
1767 1681 1947 1728 habitus
1973 1692 2042 1728 est
2070 1693 2318 1729 auctumno
2338 1683 2444 1729 anni
2468 1685 2534 1730 U.
2555 1685 2614 1731 C.

354 1762 468 1809 717.
500 1747 761 1803 Brundusii,
787 1762 881 1807 quo
919 1746 1080 1792 missus
1113 1757 1184 1792 est
1206 1747 1261 1793 ab
1285 1750 1498 1807 Augusto
1524 1747 1773 1794 Maecenas.
1840 1746 1949 1794 Hoc
1983 1745 2119 1805 igitur
2154 1746 2238 1792 iter
2264 1744 2506 1806 Horatius,
2534 1748 2614 1810 qui

354 1829 461 1861 cum
483 1813 576 1858 aliis
598 1813 642 1858 in
666 1811 907 1858 comitibus
930 1811 1206 1875 Maeceqatis
1236 1810 1345 1869 fuit,
1367 1813 1522 1874 jocose
1544 1812 1770 1858 describit.
1834 1810 2088 1858 Materiam
2115 1810 2287 1858 ridendi
2318 1813 2484 1873 pra-bet
2504 1829 2617 1860 con-

357 1877 528 1925 scensio
549 1876 730 1935 navigii,
760 1876 1040 1934 magistratus
1065 1876 1326 1933 Fundanus,
1353 1877 1545 1922 duorum
1570 1891 1826 1923 scurrarum
1849 1875 2147 1932 concertatio,
2177 1876 2340 1923 assatio
2361 1893 2615 1926 maerorum

354 1948 612 1997 turdorum,
642 1941 790 2003 puella
811 1941 1020 1998 mendax,
1038 1953 1142 2002 quae
1167 1939 1365 1989 Horatio
1384 1953 1566 1989 noctem
1588 1941 1855 2004 promissam
1877 1956 1970 1989 non
1992 1953 2156 1998 servat,
2184 1942 2446 2003 superstitio
2467 1942 2619 2004 Egna-

356 2008 569 2055 tiensium
591 2018 638 2053 et
659 2005 761 2052 alia.

554 2157 932 2223 Ecunssum
969 2178 1202 2244 magna
1230 2180 1334 2221 me
1362 2159 1615 2244 excepit
1644 2158 1869 2223 Aricia
1902 2159 2116 2223 Roma

552 2268 866 2354 Hospitio
895 2267 1151 2331 modico
1170 2292 1188 2343 ;
1242 2268 1488 2333 Rhetor
1521 2292 1732 2333 comes
1767 2268 2184 2344 Heliodorus,

558 2377 939 2443 Graecorum
970 2378 1211 2465 linguae
1240 2379 1680 2443 doctissimus:
1729 2377 1883 2441 inde
1920 2377 2161 2441 Forum
2194 2376 2393 2461 Appi,

555 2485 900 2554 Differtum
935 2489 1170 2567 nautiS,
1220 2491 1618 2575 cauponibus
1649 2502 1841 2576 atque
1873 2487 2189 2575 maligniS.

291 2678 319 2713 1
356 2660 530 2726 accepit
550 2662 754 2711 Lanbiu.
772 2681 830 2712 ex
850 2664 969 2712 codd.
986 2680 1028 2713 et
1051 2665 1197 2713 Bentt.
1227 2684 1308 2712 mm
1340 2667 1470 2713 male.

1678 2679 1715 2726 3⁷
1742 2664 1908 2726 linguae
1937 2666 2068 2712 etiam
2098 2662 2192 2709 coll.
2213 2659 2319 2709 Sax.
2339 2674 2381 2709 et
2406 2662 2522 2710 Zar.
2544 2664 2633 2711 ΑΙ.

1391 2731 1539 2791 longe.

366 2878 462 2923 140
498 2866 722 2930 Cane-edere
742 2866 879 2912 modo
899 2881 983 2928 pro
1001 2881 1179 2929 parcere
1201 2877 1248 2913 et
1270 2864 1428 2913 remit·

295 2941 395 2978 tere
417 2929 615 2991 positum
645 2941 728 2977 est.

368 2994 525 3053 Magis
559 2993 706 3056 placet
743 2992 856 3041 mihi
890 2996 996 3042 nolis
1030 3009 1075 3042 et
1107 2996 1258 3042 veniat
1290 2994 1427 3040 modo

302 3059 397 3105 dici
426 3058 690 3116 dubitativo,
718 3074 855 3122 quam
889 3074 994 3106 cum
1020 3060 1228 3107 Bentleio
1249 3061 1357 3107 noles
1379 3070 1426 3106 et

303 3125 451 3170 veniet
474 3123 732 3171 Indicativo.
795 3123 1028 3186 Loquitur
1058 3124 1182 3171 enim
1216 3134 1432 3186 tanquam

305 3189 364 3235 de
389 3203 436 3234 re
459 3187 670 3250 probabili
686 3199 822 3251 atque
838 3188 1086 3247 verisimili,
1098 3189 1315 3236 minando
1330 3200 1435 3236 tan·

305 3265 430 3301 tum.

378 3330 471 3375 141
507 3317 667 3379 Opera:
704 3332 987 3380 quaecunque
1023 3334 1173 3366 manus
1207 3317 1436 3365 dicuutur.

305 3383 564 3433 Multorum
586 3384 776 3430 manibus
794 3387 965 3448 grande
983 3383 1162 3432 levatur
1183 3394 1298 3448 opus.

377 3459 472 3505 142
505 3446 631 3494 Belle
660 3458 708 3494 et
729 3447 854 3494 hunc
880 3448 1032 3495 Iocum
1057 3448 1274 3509 expolivit
1297 3447 1438 3512 Juve-

303 3511 422 3560 nalis
436 3530 450 3559 ι
497 3510 646 3560 Stulta
686 3522 748 3559 est
789 3512 1024 3572 clementia,
1076 3531 1167 3561 cum
1199 3522 1260 3559 tot
1291 3512 1441 3575 ubique

307 3576 499 3628 Vatibus
523 3594 743 3634 occurras,
763 3580 972 3651 periture.
985 3589 1167 3642 parcere
1180 3579 1361 3627 charte.

377 3642 524 3689 Veluti
546 3641 698 3689 Judaea·
712 3662 729 3695 ,·
766 3642 838 3688 isti
860 3642 906 3689 in
925 3642 1062 3689 sacris
1081 3654 1347 3703 argumento
1370 3641 1440 3687 uti

301 3705 520 3754 baculino
560 3721 858 3753 consuevere:
906 3723 932 3753 a
976 3707 1171 3756 dominis
1209 3705 1441 3770 AEgyptiis

304 3783 488 3819 traxere
505 3781 551 3818 et
567 3770 739 3817 vicinos
758 3770 904 3818 odisse
920 3782 966 3819 et
981 3771 1234 3819 vicinorum
1251 3770 1440 3818 numina

305 3837 511 3884 violaret
548 3846 794 3897 utrumque
826 3847 979 3883 tamen
1013 3853 1039 3883 a
1061 3836 1200 3884 Mose
1241 3835 1441 3899 prohibi·

303 3912 412 3949 tum
435 3911 520 3947 est.
583 3902 739 3962 Atque
772 3899 870 3948 haec
893 3900 946 3947 de
970 3916 1016 3948 re
1037 3900 1307 3966 juvenalem
1340 3899 1440 3946 vide

306 3965 406 4013 Sat.
441 3977 519 4025 15.
582 3961 801 4029 [†Judaei
833 3964 948 4011 nihil
978 3965 1358 4022 intermittebant,
1386 3964 1442 4011 ad

304 4030 570 4078 faciendum
610 4028 926 4092 proselytum3
970 4029 1062 4078 imo
1101 4030 1319 4090 cogebant
1358 4028 1443 4074 ali-

309 4095 515 4157 quando,
545 4093 793 4141 dummodo
818 4094 942 4156 justa
974 4094 1148 4141 occasio
1178 4105 1282 4141 nata
1312 4093 1444 4140 foret.

312 4160 427 4271 Qbo
460 4159 662 4221 pertinet
692 4157 806 4205 illud
828 4158 1001 4207 Flacci:
1037 4175 1089 4207 ac
1122 4157 1263 4206 veluti
1291 4168 1338 4205 te
1357 4170 1445 4206 etc.

311 4226 379 4273 A!
405 4225 532 4283 em‘.]

377 4302 471 4349 143
507 4288 566 4335 In
603 4290 711 4336 banc
746 4291 954 4336 concedere
985 4286 1157 4335 turbam
1175 4309 1192 4342 ,·
1223 4287 1270 4333 h.
1292 4303 1333 4333 e.
1367 4303 1446 4350 pe·-

306 4351 440 4400 dibus
473 4353 539 4401 ire
561 4353 610 4400 in
633 4352 902 4401 sententiam
927 4353 1103 4416 majoris
1126 4352 1305 4399 numeri
1326 4367 1340 4396 2
1377 4363 1447 4400 est

305 4429 464 4467 autem
485 4433 593 4481 grex
613 4431 659 4469 et
678 4419 810 4468 turba
831 4420 924 4467 sere
945 4419 1159 4469 viliorum
1182 4417 1446 4467 multitudo.

1566 2941 1591 2975 1
1629 2929 1846 2977 Lucilium
1879 2930 1962 2977 hac
2001 2931 2166 2993 Satyra
2203 2929 2429 2974 annulatur
2470 2927 2633 2975 Hora.

1498 2995 1587 3040 tius
1619 2995 1704 3040 iter
1744 3012 1864 3040 suum
1915 3013 1943 3040 a
1986 2995 2127 3041 Roma
2168 3011 2295 3056 usque
2336 2994 2629 3040 Brundusium

1496 3057 1746 3113 describens,
1781 3060 1894 3122 quod
1929 3067 1969 3105 et
2007 3060 2080 3105 ille
2111 3060 2155 3104 in
2186 3059 2312 3105 tertio
2341 3058 2447 3105 libro
2475 3058 2590 3119 fecit
2606 3079 2624 3111 ,-

1502 3123 1702 3169 Primum
1731 3141 1759 3168 a
1782 3125 1921 3169 Roma
1947 3123 2142 3187 Capuan
2166 3140 2309 3185 usque,
2339 3135 2382 3169 et
2409 3125 2503 3169 inde
2518 3124 2630 3187 sre-

1503 3201 1593 3235 tuu·
1635 3186 1863 3234 Siciliense.
1910 3188 2024 3234 Vet-
2048 3185 2197 3233 Schol.
2242 3187 2288 3232 E
2318 3205 2451 3234 reseres
2485 3187 2629 3235 Roma

1498 3254 1676 3299 dicimus
1717 3262 1759 3298 et
1801 3254 2017 3299 Romam-
2049 3251 2187 3298 Alter
2225 3252 2281 3298 Sc
2316 3250 2377 3298 ol.
2424 3252 2479 3299 B.
2542 3253 2628 3299 An

1503 3319 1637 3364 Roma
1669 3316 1743 3363 hic
1775 3334 1931 3382 magna
1965 3315 2130 3363 dicitur
2160 3326 2213 3362 ut
2244 3317 2421 3364 Graeco’a
2453 3333 2635 3382 magna,

1502 3397 1608 3430 cum
1641 3381 1900 3430 extensione
1922 3382 2131 3442 quadam,
2160 3379 2265 3443 quia
2295 3399 2504 3446 egressum
2535 3393 2628 3428 sta-

1500 3448 1587 3494 titn
1611 3446 1771 3494 Aricia
1794 3447 1956 3509 excipit
1974 3443 2006 3494 ,³-
2029 3446 2093 3492 G.
2146 3446 2322 3511 Magna
2345 3446 2509 3494 dicitur
2530 3446 2631 3492 Ro-

1503 3511 1711 3574 ma‚‚quia
1730 3512 1902 3567 Aricia,
1923 3511 1995 3558 cui
2012 3511 2267 3572 opponitur,
2280 3523 2376 3558 erat
2387 3526 2543 3573 parva.
2565 3513 2633 3560 Z·-

1568 3590 1597 3637 3
1634 3577 1729 3624 Pro
1760 3578 1878 3640 longe
1903 3576 2104 3638 quinque
2126 3574 2317 3638 Cruquii
2346 3576 2629 3640 totidemque

1502 3640 1739 3690 Torrentii
1776 3642 1928 3704 scripti
1967 3639 2158 3688 Codices
2194 3639 2403 3700 legerunt
2438 3642 2627 3706 lingue-.-

1503 3708 1624 3769 quod
1647 3717 1693 3753 et
1713 3706 1965 3753 Lambinus
1994 3706 2162 3762 legerat
2191 3704 2238 3750 in
2261 3705 2368 3752 suis.
2429 3706 2493 3754 Et
2514 3708 2631 3756 bene

1504 3774 1657 3835 lingue
1677 3771 1732 3816 de
1752 3771 1969 3817 Rhetore.
2031 3770 2160 3817 Ordo
2180 3780 2265 3825 est,
2285 3770 2410 3831 quasi
2431 3771 2598 3820 diceret
2613 3791 2630 3821 t

1509 3838 1760 3883 cretom-
1795 3838 1979 3882 oum'une
2016 3836 2276 3881 doctissimus
2312 3837 2489 3899 lingue,
2514 3837 2564 3885 h.
2588 3853 2634 3886 e.

1508 3900 1636 3947 Artis
1658 3900 1899 3948 Oratoriae.
1931 3899 2006 3946 Sic
2027 3910 2072 3946 et
2091 3899 2278 3955 Cicer03
2302 3900 2511 3948 Concedot
2530 3904 2634 3950 lau·

1506 3981 1583 4012 rea
1605 3965 1777 4028 ling-u.
1841 3962 2027 4011 Mirum
2049 3975 2119 4011 est
2139 3965 2411 4025 Interpretes
2429 3966 2515 4014 hoc
2537 3984 2632 4015 non

1507 4030 1760 4078 advertisse.
1823 4028 1954 4095 Qin
1978 4040 2024 4077 et
2046 4028 2137 4090 ipse
2161 4029 2407 4087 Bentleius,
2430 4033 2635 4095 egregius

1509 4093 1728 4150 criticus,
1747 4109 1820 4140 me
1841 4095 1959 4140 sicco
1982 4095 2090 4155 pede
2118 4094 2352 4154 praeteriit,
2369 4098 2493 4158 quod
2511 4097 2550 4144 is
2570 4098 2632 4147 sit

1508 4172 1673 4218 magno
1693 4158 1845 4207 animo
1866 4169 1913 4205 et
1936 4157 2182 4224 §meh-rus
2204 4159 2447 4208 minorum.
2477 4161 2535 4209 B.
2583 4162 2635 4211 Si

1514 4224 1769 4270 Graecorum
1803 4224 1963 4287 lingue
1983 4224 2039 4270 sit
2061 4238 2165 4270 vera
2184 4222 2339 4282 lectio,
2367 4224 2637 4289 interpreter

1510 4289 1673 4335 Graece
1705 4287 2010 4350 quuentium‚
2040 4288 2117 4351 qui
2155 4288 2306 4352 plures
2339 4302 2447 4339 sunt
2485 4291 2639 4352 longe,

1509 4367 1644 4415 quam
1668 4354 1850 4400 natione
1874 4352 2042 4400 Graeci.
2083 4355 2146 4400 G.

1576 4430 1607 4475 4
1639 4417 1900 4468 Nominatis
1912 4418 2007 4481 jam
2031 4419 2179 4469 nautis
2199 4430 2248 4469 et
2269 4419 2561 4485 cauponibus,
2589 4429 2640 4470 et
