3000 4979
490 336 617 392 318

1184 330 1270 407 Q.
1321 326 1742 395 HORATII
1799 326 2145 400 FLACCI

749 505 820 571 Si
851 504 992 591 quis
1025 517 1163 569 erat
1191 504 1426 593 dignus
1456 505 1754 584 describi,
1790 508 1962 595 quod
1995 510 2223 590 maluS,
2256 527 2368 581 aut
2396 516 2527 597 fur,

742 615 940 692 Quod
971 616 1258 680 moechus
1284 616 1472 693 foret,
1507 629 1618 682 aut
1648 620 1935 694 sicarius,
1972 636 2083 685 aut
2111 622 2356 710 alioqui

574 734 613 790 5
749 726 1095 804 Famosus3
1141 727 1346 792 multa
1375 750 1524 792 cum
1555 728 1853 794 libertate
1883 731 2214 796 notabant.

750 836 935 902 Hinc
964 839 1172 902 omnis
1202 837 1440 924 pendet
1472 838 1782 917 LuciliuS,
1818 841 2013 905 hosce
2045 857 2319 920 secutus,

748 946 1024 1012 Mutatis
1057 960 1304 1014 tantum
1328 947 1600 1033 pedibus
1630 950 2039 1037 numerisque
2057 975 2075 1027 ;
2121 951 2387 1031 facetuS,

747 1058 1087 1124 Emunctae
1116 1060 1309 1137 naris,
1345 1059 1545 1123 durus
1575 1081 1959 1145 componere
1991 1084 2247 1127 versus:

746 1168 920 1234 Nam
948 1169 1065 1234 fuit
1095 1169 1220 1234 hoc
1249 1169 1515 1234 vitiosus
1540 1194 1557 1245 ;
1607 1170 1675 1235 in
1706 1170 1870 1235 hora
1900 1194 2071 1258 saepe
2100 1173 2435 1252 ducentos,

539 1289 619 1345 10

750 1278 847 1346 Ut
876 1302 1202 1367 magnum,
1236 1302 1453 1346 versus
1482 1281 1768 1347 dictabat
1796 1294 1970 1348 stans
2001 1284 2166 1368 pede
2195 1285 2264 1348 in
2295 1309 2423 1351 uno
2442 1310 2462 1350 ε

748 1390 918 1455 Cum
945 1391 1172 1456 flueret
1201 1392 1570 1471 lutulentus,
1603 1404 1740 1457 erat
1768 1394 1943 1479 quod
1974 1394 2201 1460 tollere
2232 1396 2427 1462 velles
2454 1420 2473 1462 ε

749 1500 1086 1579 Garrulus,
1119 1514 1307 1588 atque
1335 1501 1523 1589 piger
1552 1501 1872 1567 scribendi
1900 1502 2070 1568 serre
2095 1504 2414 1584 laborem;

749 1612 1085 1678 Scribendi
1115 1624 1320 1677 recte:
1367 1634 1540 1691 nam,
1573 1624 1646 1677 ut
1677 1611 1970 1691 multum,
2005 1613 2099 1677 nil
2128 1636 2367 1680 moror.

751 1722 1089 1809 Crispinus
1120 1723 1387 1787 minimo
1416 1745 1523 1788 me
1550 1736 1881 1808 provocat.

2457 1615 2666 1694 Ecce,

1970 1729 2017 1799 ΊῘ
2032 1726 2304 1811 Accipe,
2339 1727 2388 1790 si
2421 1726 2533 1804 viS,

1179 1936 1208 1983 3
1241 1938 1293 1971 ac
1312 1923 1390 1972 fur
1414 1924 1561 1971 Beati.
1580 1928 1629 1973 it.
1652 1925 1739 1972 Bos
1752 1934 1805 1988 p.
1824 1932 1906 1984 57.
1934 1924 1992 1970 G.
2036 1923 2149 1971 Sax.

551 2124 581 2173 3
617 2112 866 2176 Descriptio
901 2119 965 2158 est
997 2111 1139 2174 qualis
1166 2111 1227 2158 st't
1257 2127 1446 2165 avarus,
1473 2111 1616 2175 qualis

486 2188 740 2233 assentator,
769 2186 1005 2241 caeteraque
1023 2178 1110 2239 ejus
1126 2178 1310 2240 generis.
1374 2175 1538 2223 Cicero
1570 2177 1617 2223 in

487 2242 695 2305 Topicis,
729 2254 916 2289 notante
953 2241 1175 2302 Cruquio.
1257 2242 1419 2300 Atque
1457 2240 1619 2301 hujus-

489 2309 611 2355 modi
629 2318 756 2354 erant
770 2305 1076 2368 Theophrasti
1095 2306 1291 2352 Morum
1313 2306 1621 2371 Χαρακτῆρες.

555 2372 744 2419 Malum
768 2373 904 2419 modo
926 2372 1243 2418 veteratorem
1265 2370 1391 2417 dicit.

557 2437 792 2484 Bentleius
832 2436 1037 2499 probavit
1077 2447 1214 2498 atque
1257 2433 1399 2483 edidit
1434 2452 1486 2481 ac
1516 2434 1627 2500 fur,

490 2519 547 2550 ex
568 2503 780 2552 omnibus
799 2503 893 2550 suis
922 2503 1054 2550 codd.
1078 2513 1267 2564 excepto
1294 2516 1406 2558 uno,
1425 2501 1506 2548 ubi
1527 2513 1626 2549 erat

489 2579 587 2617 aue.
620 2569 684 2617 Z.

557 2648 590 2691 4
623 2634 727 2682 Sica
773 2633 988 2681 incurvus
1029 2644 1123 2680 erat
1165 2630 1385 2692 gladiolus
1428 2631 1622 2679 acinacis

491 2699 820 2760 magnitudine,
852 2699 976 2761 quod
1017 2699 1214 2745 ostendit
1255 2696 1529 2744 Torrentius
1566 2713 1621 2744 ex

522 2782 597 2813 ose
629 2763 707 2812 ho.

490 2768 522 2833 J
555 2843 585 2890 5
599 2779 791 2877 PMnltae
827 2847 920 2876 eam
962 2829 1188 2881 libertate,-
1239 2841 1290 2874 ut
1332 2828 1413 2874 vel
1449 2828 1622 2874 nonina

493 2900 766 2948 ostenderent.
796 2894 909 2941 Vct.
929 2893 1080 2941 Schol.

561 2962 791 3011 Notabant
825 2960 1051 3019 Diloguu
1096 2973 1200 3006 nam
1239 2970 1286 3004 et
1320 2957 1626 3006 describebant

493 3031 564 3080 uti
607 3029 820 3092 pictores,
855 3037 902 3072 et
938 3024 1144 3073 notabant
1185 3024 1255 3070 uti
1281 3037 1473 3071 morum
1519 3038 1626 3070 cen·

493 3110 629 3146 sores·
660 3094 714 3140 B.

560 3161 592 3210 6
631 3160 753 3208 Hinc
791 3159 940 3214 sanis,
978 3155 1133 3204 Totus
1173 3165 1244 3202 est
1280 3152 1329 3200 in
1367 3152 1453 3201 hac
1491 3152 1626 3199 liber·

493 3242 604 3280 tate.
637 3228 704 3274 Z.

566 3307 593 3355 7
630 3292 919 3354 Nunnisque
952 3289 1148 3350 faedus,
1194 3284 1243 3332 h.
1294 3300 1335 3331 e.
1387 3283 1626 3346 asperitate

493 3356 701 3426 rhythmi
727 3354 959 3409 ridiculus,
968 3366 1115 3413 neque
1135 3350 1259 3397 enim
1280 3361 1380 3397 erat
1394 3348 1453 3396 ob
1474 3359 1626 3396 muta·

497 3441 570 3475 tos
592 3423 725 3489 pedes
731 3421 926 3486 facetus.
977 3417 1035 3463 Β.
1088 3417 1189 3464 Nec
1210 3415 1269 3461 ob
1292 3429 1506 3461 numeros
1525 3429 1627 3460 mu·

495 3505 632 3549 tates,
649 3487 728 3550 qui
749 3485 870 3549 apud
891 3484 1075 3529 Graecos
1109 3479 1325 3527 Comicos
1344 3478 1492 3526 multo
1512 3478 1627 3524 vivi·

496 3559 661 3607 diores.
722 3554 882 3613 Itaque
904 3546 1033 3594 aliter
1057 3543 1257 3598 distinxi,
1278 3554 1331 3590 ut
1346 3541 1528 3606 facetus
1549 3542 1626 3590 ab·

494 3624 697 3671 solutum
718 3619 796 3676 sit,
830 3627 876 3662 et
897 3614 954 3660 ad
983 3610 1164 3658 laudem
1184 3607 1357 3656 Lucilii
1388 3608 1626 3655 referatur.

547 3724 592 3802 O8
627 3752 856 3800 Emunctae
894 3745 1036 3799 naris,
1077 3741 1123 3787 h.
1165 3755 1207 3786 e.
1239 3737 1399 3801 judicii
1440 3738 1623 3799 quidem

494 3818 699 3869 acerrimi
717 3814 837 3877 quod
863 3811 917 3857 ad
935 3807 1184 3869 satyricam
1202 3803 1436 3851 materiam
1453 3815 1499 3849 et
1514 3801 1625 3850 sales

497 3883 733 3934 attinebat.
798 3872 1112 3949 Παςοιμιακὸς
1135 3871 1221 3917 hoc
1244 3869 1416 3916 dictum
1438 3881 1524 3914 est.

564 3952 738 4002 Durus,
751 3941 989 3993 iuba-buin
1009 3943 1144 3998 runt,
1168 3934 1436 3998 intltsstut.
1496 3933 1622 3980 Nam

495 4028 544 4064 ct
567 4016 697 4061 rudes
717 4009 933 4056 dicuntur
953 4003 1070 4049 duri.

563 4091 625 4129 ιο
660 4074 824 4132 Magni
860 4069 969 4117 fecit
1001 4064 1353 4128 extemporalem
1390 4078 1516 4112 suam
1549 4062 1620 4109 fa-

492 4145 730 4200 cultatem,
745 4151 880 4202 quam
915 4132 1142 4181 Horatius
1170 4129 1387 4192 significat
1419 4145 1465 4176 sc
1497 4143 1621 4191 sper·

490 4226 684 4323 ”elge-ans
712 4271 816 4336 pede
853 4266 897 4312 in
936 4279 1046 4319 anag
1081 4259 1242 4323 puerili
1281 4258 1453 4307 scilicet
1474 4270 1620 4306 certa·

488 4342 641 4399 mine;
673 4351 778 4383 nam
799 4334 888 4379 hoc
909 4330 1085 4376 faciunt
1105 4325 1230 4388 pueri
1251 4324 1473 4371 ludentes.

556 4420 577 4455 1
589 4420 612 4455 1
650 4400 820 4451 Nescio
834 4410 916 4444 cur
931 4391 1162 4440 dissentiat
1173 4391 1227 4437 ab
1245 4389 1445 4437 Horatio
1461 4389 1616 4451 Quin·

481 4470 686 4528 tilianus,
705 4465 790 4515 nisi
822 4462 975 4511 forsan
1007 4456 1214 4506 Lucilius
1235 4454 1374 4503 fuerit
1407 4455 1448 4501 ei
1469 4453 1617 4502 affini-

1680 2122 1774 2158 tate
1795 2108 1942 2172 aliqua
1975 2110 2258 2172 conjunctus.
2325 2111 2378 2159 B.
2438 2111 2615 2158 Fluens
2641 2112 2832 2161 lumba«

1682 2190 1771 2232 tus,
1805 2176 2031 2236 eleganter
2061 2176 2232 2223 Lucilii
2270 2176 2463 2240 impetus
2498 2177 2547 2222 in
2578 2175 2826 2223 fundendis

1683 2242 1881 2288 versibus
1898 2241 2047 2288 minus
2068 2242 2193 2304 puris
2213 2254 2257 2289 et
2280 2241 2513 2289 concinnis
2528 2252 2820 2303 comparatur

1684 2321 1790 2353 cum
1834 2305 1987 2366 rapido
2031 2319 2232 2355 torrente
2277 2307 2428 2355 lutum
2471 2307 2718 2369 sordesque
2760 2305 2825 2352 fe·

1689 2382 1833 2417 rente.
1870 2372 1931 2418 Ζ.

1762 2434 1933 2483 ‘Tollere
1951 2436 2080 2485 velles
2091 2456 2110 2493 ‚⁰
2147 2437 2252 2500 quia
2276 2448 2329 2485 ut
2350 2437 2414 2485 ait
2438 2437 2550 2501 ipae,
2569 2437 2675 2483 Sat.
2692 2450 2737 2485 1·
2755 2447 2824 2483 10·

1688 2514 1769 2561 51.
1854 2503 2038 2550 Ferebas
2085 2504 2225 2566 plura
2266 2503 2454 2551 tollenda
2509 2503 2793 2566 relinquendis
2805 2517 2829 2547 :*

1683 2580 1729 2614 et
1751 2566 1814 2615 sic
1837 2567 2008 2630 accepit
2031 2567 2342 2630 Quintilianus
2373 2570 2475 2629 (10.
2497 2580 2545 2615 ι.
2564 2566 2711 2629 94.);
2741 2567 2822 2614 boc

1684 2645 1730 2682 ct
1758 2633 1991 2694 sequentia
2011 2634 2273 2681 ostendunt.

1751 2710 1811 2756 13
1842 2697 2018 2757 Regula
2050 2698 2247 2746 emendit
2268 2697 2375 2760 quid
2410 2709 2604 2755 rectum,
2623 2698 2822 2758 quidque

1685 2764 1904 2811 intortum
1934 2763 2021 2809 sit:
2056 2776 2191 2826 atque
2224 2763 2311 2810 hoc
2342 2763 2450 2811 artis
2487 2775 2571 2810 est.
2635 2762 2819 2811 Lucilio

1687 2827 1833 2875 adfuit
1855 2829 2030 2888 genius,
2048 2844 2119 2875 ars
2138 2827 2302 2876 defuit.

1755 2893 1821 2940 Ut
1844 2893 2038 2949 adeun,
2062 2893 2109 2940 h.
2129 2908 2172 2940 e.
2191 2909 2326 2956 quam
2348 2893 2563 2941 multum.

1757 2971 1819 3015 14
1855 2957 2098 3023 Crispinus,
2119 2958 2411 3018 Aretalogus,
2428 2960 2483 3004 de
2504 2973 2597 3019 quo
2617 2973 2774 3022 supra.

1758 3024 1957 3071 Minimo
1995 3035 2234 3087 provocare
2267 3026 2466 3071 dicuntur
2501 3025 2567 3080 Μ,
2599 3028 2687 3086 qus·
2718 3024 2820 3088 ples

1686 3091 1793 3152 ipsis
1826 3092 2105 3153 promittant,
2140 3089 2250 3150 [leg.
2269 3090 2357 3153 r'pss'
2388 3086 2678 3153 promittant]
2696 3104 2817 3152 qm

1688 3157 1735 3200 in
1771 3156 2030 3217 responsione
2064 3156 2241 3220 exigant
2272 3155 2330 3202 ab
2362 3155 2635 3201 adversario.
2714 3155 2822 3199 Vet-

1689 3218 1841 3266 Scbol.
1926 3217 2159 3267 Bentlcius
2188 3219 2429 3266 deridiculo
2461 3218 2669 3281 reposuit
2699 3236 2819 3264 nu·-

1687 3302 1769 3340 uo,
1807 3300 1953 3346 neque
1974 3284 2087 3331 vidit
2121 3287 2292 3332 κὶιίηο
2322 3284 2413 3330 dici
2447 3298 2531 3345 pro
2548 3284 2727 3330 nini-o
2753 3286 2820 3329 li·

1683 3353 1793 3414 [ἰὼ.
1855 3352 2016 3412 Atque
2050 3348 2126 3397 hic
2155 3349 2339 3411 quidem
2375 3360 2526 3408 gestus
2557 3350 2679 3410 apud
2718 3364 2821 3396 nos-

1690 3426 1829 3462 trates
1846 3413 1983 3462 etiam
2006 3414 2138 3461 hodie
2159 3413 2390 3461 familiaris
2412 3426 2499 3470 est,
2512 3413 2587 3460 ubi
2608 3429 2697 3475 per
2711 3429 2819 3461 con-

1689 3491 1882 3546 temtum
1922 3479 2115 3541 aliquem
2160 3481 2442 3526 advocamus.
2523 3478 2698 3526 Mirari
2739 3493 2819 3525 ne-

1689 3559 1806 3607 queo
1825 3544 1973 3592 virum
1996 3544 2198 3591 acerrimi
2212 3544 2372 3607 judicii
2388 3559 2480 3592 non
2500 3544 2743 3592 attendisse
2765 3544 2818 3589 ad

1689 3609 1967 3658 Scholiasten
1988 3621 2204 3656 veterem.
2261 3609 2316 3656 Β.
2382 3609 2712 3666 Attendit,sed
2732 3608 2820 3655 im-

1686 3674 1891 3737 probavit
1911 3675 2089 3722 merito.
2154 3676 2237 3721 Est
2254 3685 2405 3735 aperte
2418 3672 2495 3721 hic
2510 3674 2563 3720 de
2580 3674 2818 3735 sponsione

1688 3752 1736 3787 et
1896 3740 2049 3786 nsione
2080 3755 2229 3787 sermo
2267 3739 2511 3800 (Germani
2533 3752 2698 3786 vocant
2732 3741 2822 3786 eine

1691 3755 2003 3865 Wffiuem
2025 3804 2143 3851 clare
2162 3804 2359 3851 indicant
2382 3804 2516 3850 verba
2532 3804 2643 3850 Vct.
2666 3804 2819 3851 Schol.

1687 3871 1742 3917 ab
1762 3869 1857 3932 ipso
1875 3871 2076 3917 Baxtero
2096 3869 2284 3931 prolata.
2347 3867 2570 3916 Ceterum
2594 3884 2702 3916 cum
2736 3871 2819 3915 ιιι·-

1685 3939 1798 3982 ne'uso
1830 3949 1878 3982 et
1898 3954 2062 3982 nuatum
2098 3935 2286 3981 totidem
2310 3933 2489 3981 lineolis
2519 3935 2821 3996 perpenditis-¹

1682 3999 1847 4047 laribus
1868 4012 2093 4056 constent,
2121 3998 2406 4046 blandissima
2436 4014 2540 4046 sane
2572 4011 2640 4046 est
2662 4014 2819 4046 emen-

1684 4065 1833 4113 datio:
1872 4081 1956 4113 nec
1977 4077 2130 4113 tamen
2164 4066 2429 4122 necessaria,
2447 4079 2554 4112 cum
2586 4064 2664 4127 qui
2693 4083 2818 4111 nnus·

1684 4149 1750 4242 ³51⁰
1770 4129 2820 4242 ¹:5⁰v-022251ffl-232'3’3323‘'Tmffigm'·

1684 4211 1697 4243 ι
1751 4212 1774 4242 e
1824 4229 1837 4252 ,
1882 4212 1911 4241 u
2199 4211 2211 4240 ι
2482 4211 2514 4241 n
2749 4212 2820 4241 re-

1680 4213 1896 4325 sponderi,
1922 4259 2195 4321 repromitti,
2212 4274 2316 4307 cum
2339 4258 2569 4322 aliquanto
2591 4259 2693 4322 plus
2723 4259 2814 4322 ipse

1682 4327 1898 4389 spondeat
1936 4325 2282 4388 promittatque,
2305 4337 2455 4373 certus
2476 4340 2640 4389 nempe
2672 4325 2815 4372 victo-

1681 4391 1775 4439 riae.
1808 4393 1871 4439 G.

1746 4457 1922 4520 Accipe,
1958 4454 2006 4505 h.
2027 4473 2069 4505 e.
2107 4456 2244 4506 Heus
2281 4455 2363 4505 tu!
2414 4455 2591 4505 audito.
2668 4455 2817 4507 Miror
