3000 4979
1370 297 1495 357 279

853 823 962 916 Q.
1026 815 1533 902 HORATII
1594 817 2021 971 leAccl

653 1134 1281 1227 CARMEN
1360 1131 2207 1245 SAECULARE,

787 1404 954 1466 PRO
996 1404 1667 1495 INCOLUMITATE
1710 1404 2076 1466 IMPERII.

247 1882 368 1929 Cn.-
403 1875 652 1924 Seculare:
685 1872 801 1920 Indos
835 1873 1063 1937 Augustus
1099 1869 1330 1919 celebrant
1368 1871 1596 1922 secundun·
1640 1872 1772 1919 ritu·
1846 1871 1975 1919 τίετε
2016 1872 2256 1938 Religionis
2291 1893 2322 1921 a
2350 1876 2601 1940 virginibus

312 1946 550 2008 puerisque
575 1939 853 2005 pretextati]
874 1939 920 1985 e'n
946 1938 1160 2049 ΒαζιὶίοΙίο
1182 1946 1407 1984 cantatus·
1427 1947 1508 1985 est.
1550 1938 1667 1984 Vct.
1691 1881 1844 1984 &hof
1910 1937 2192 1999 (Secundum
2224 1939 2325 1988 haec
2345 1956 2438 1989 non
2462 1945 2601 1990 modo

317 2009 434 2056 lusit
455 2005 548 2053 hoc
568 2003 777 2053 saeculare
798 2018 978 2050 carmen
1055 2001 1244 2059 oratius,
1272 2005 1351 2049 sed
1373 2003 1566 2066 imperio
1586 2001 1784 2063 Augusti
1805 2002 1862 2049 ad
1881 2002 2028 2064 ipsum
2050 2015 2202 2051 actum
2225 2004 2437 2054 ludorum
2458 2008 2601 2070 scrip-

313 2074 377 2121 sit
396 2090 413 2130 ς
447 2071 573 2133 quod
594 2069 831 2117 confirmat
852 2069 989 2116 etiam
1013 2067 1259 2116 Suetonius
1279 2066 1328 2114 in
1349 2067 1443 2115 vita
1463 2070 1613 2131 po‘e‘tae
1634 2067 1794 2124 nostri,
1823 2078 1870 2114 et
1890 2067 2011 2115 sorte
2034 2069 2171 2116 Ovid.
2189 2068 2335 2118 Trist.
2356 2084 2403 2121 2.
2425 2085 2514 2131 25:
2552 2086 2602 2121 et

314 2149 480 2202 aperte
503 2134 711 2184 Censori.
734 2135 790 2181 de
810 2133 882 2180 die
907 2145 998 2181 nat.
1022 2144 1099 2191 17.
1163 2133 1333 2180 Visum
1357 2144 1426 2180 est
1447 2134 1645 2195 primum
1671 2132 1929 2190 Sanadono‚
1957 2133 2117 2180 deinde
2150 2150 2294 2197 nuper
2331 2137 2469 2184 etiam
2495 2140 2604 2185 An-

311 2199 579 2259 chcrsenio,
608 2198 847 2261 ingeniosis
878 2214 982 2246 sane
1013 2197 1274 2245 hominibus
1303 2209 1351 2245 et
1382 2198 1547 2256 doctis,
1577 2197 1761 2258 seligere
1794 2211 1849 2244 ex
1883 2198 2067 2261 reliquis
2101 2198 2293 2248 Horatii
2322 2202 2598 2251 carminibus

311 2269 552 2331 quaedam,
582 2275 630 2313 et
664 2263 788 2312 velut
823 2264 974 2310 drama
1000 2263 1228 2326 quoddam
1265 2262 1478 2311 saeculare
1510 2263 1616 2310 inde
1647 2263 1860 2309 formare.
1924 2264 1987 2310 Et
2009 2262 2086 2310 ille
2108 2265 2292 2327 quidem
2325 2265 2413 2314 hoc
2436 2269 2596 2315 ordine

317 2335 484 2380 Carm.
507 2330 544 2377 1.
565 2342 655 2390 32:
696 2342 743 2389 3.
775 2342 818 2378 1.
842 2342 943 2385 1·4.
960 2325 1020 2376 62
1059 2340 1105 2375 1.
1126 2340 1217 2377 212
1268 2328 1463 2390 denique
1484 2328 1633 2391 ipsum
1655 2327 1742 2375 hoc
1769 2339 1992 2375 nostrum.
2060 2329 2127 2375 Ut
2146 2327 2279 2377 facile
2307 2344 2375 2378 est
2398 2333 2598 2381 inventis

309 2396 494 2459 aliquid
516 2396 696 2451 addere,
729 2393 793 2441 ita
815 2393 1153 2441 Anchersenius
1176 2392 1300 2440 auxit
1323 2392 1409 2441 hoc
1430 2405 1628 2457 systema
1658 2407 1803 2454 nuper
1822 2391 1911 2441 hoc
1933 2393 2100 2441 modo:
2138 2395 2247 2442 Car.
2270 2398 2310 2443 1.
2329 2408 2395 2457 32
2416 2407 2463 2444 et
2482 2412 2528 2455 4.
2552 2396 2600 2447 6.

308 2468 360 2513 in
401 2478 532 2511 scena
571 2461 715 2527 campi
745 2457 919 2507 Martii
950 2469 1126 2507 cantata
1164 2457 1293 2516 dicit,
1315 2461 1456 2524 prino
1500 2458 1571 2507 die
1607 2459 1797 2507 Indorum
1830 2460 2099 2507 scalarium
2114 2477 2132 2507 .-
2180 2473 2225 2521 3.
2259 2475 2301 2509 1.
2329 2465 2502 2510 secundo
2530 2467 2601 2512 die

309 2533 363 2577 r‘n
411 2525 633 2592 Capitolio
666 2538 711 2585 3.
734 2537 799 2574 22
819 2536 866 2571 et
891 2539 936 2573 1.
956 2538 1035 2574 21.
1065 2536 1200 2580 nocte,
1228 2540 1319 2587 que
1349 2527 1525 2578 tertius·
1565 2524 1676 2572 dien·
1703 2527 1939 2587 precessit,
1970 2527 2016 2570 in
2054 2528 2208 2590 templo
2239 2527 2403 2575 Dione
2435 2530 2601 2577 Avon-

307 2597 459 2641 tr‘nae:
499 2605 544 2638 1.
564 2603 625 2651 31
651 2601 697 2637 et
719 2604 910 2653 praesens
930 2603 1131 2645 carmen,
1159 2592 1295 2637 tertia
1317 2590 1386 2638 die
1409 2593 1453 2636 in
1473 2599 1556 2638 eeu
1587 2591 1628 2636 10
1650 2589 1867 2654 Apollinis
1891 2590 2099 2636 Palatini
2114 2610 2131 2637 .·
2168 2604 2215 2651 3.
2244 2604 2323 2654 30.
2346 2594 2490 2641 eodem
2509 2596 2599 2654 die,

305 2659 396 2707 nb
410 2659 557 2717 fineae
591 2657 807 2702 Ludorun
838 2657 883 2701 e'n
914 2666 1059 2719 canpe
1081 2655 1287 2711 Mar-rio,
1315 2654 1479 2702 cecinit
1502 2671 1554 2701 ve
1593 2654 1686 2716 ipse
1711 2653 1954 2711 Horatius,
1984 2653 2056 2701 vel
2078 2654 2243 2702 chorus
2279 2673 2522 2720 puerorum
2547 2671 2596 2707 et

308 2722 597 2787 puellarum.
660 2719 844 2767 Mirum
865 2735 988 2777 sane,
1017 2720 1056 2766 si
1080 2720 1278 2766 carmina
1299 2721 1435 2768 unius
1455 2720 1727 2780 argumenti,
1756 2721 1916 2765 eodem
1938 2731 2144 2781 tempore
2165 2721 2342 2783 scripta,
2368 2723 2432 2770 ita
2452 2725 2596 2785 spargi

308 2803 402 2852 per
418 2787 564 2833 libros
584 2784 733 2847 plures
751 2796 954 2847 potuere.
1018 2786 1190 2832 Actum
1213 2796 1281 2832 est
1303 2784 1357 2831 de
1380 2796 1476 2832 tota
1497 2783 1787 2844 chronologia
1809 2784 2090 2842 Bentleiana,
2117 2800 2254 2847 quam
2276 2802 2408 2850 supra
2430 2804 2599 2851 propo-

308 2852 501 2901 suimus
519 2862 568 2897 et
587 2849 878 2897 firmavimus.
942 2849 1031 2896 Sed
1050 2862 1203 2896 tamen
1225 2849 1502 2897 consideravi
1522 2849 1623 2911 plus
1644 2848 1782 2896 semel
1804 2849 1924 2911 ipsos
1951 2864 2111 2896 versus
2142 2866 2193 2898 ea
2216 2851 2397 2913 quidem
2422 2862 2597 2911 mente,

309 2913 1591 3028 mm⁸³13¹⁰2³2¹x³r¹1¹1³³⁸aiiipe‘31‘5?‘ssi{‘“¹u2{f.⁰ss²¹2¹}2⁸„¹:333ss
1609 2914 2422 3028 .¹:,‘3‚⁹:⁵<332¹:’.{⁶,11,‘¹2{?⁰2„³²‘3::23
2452 2919 2598 3030 ῗῃῗῗῖἕ

314 3045 605 3091 emendanda
625 2995 849 3091 XXXIgn
869 3043 994 3101 anni,
1021 2996 1237 3092 sae‘itulum
1255 2994 1452 3106 ju'stuni‘,
1467 3059 1540 3090 me
1564 3044 1781 3103 docuere)
1816 3044 2064 3091 desererem
2086 2996 2243 3105 faotiu‘s¹
2258 3045 2594 3106 chronologiam

316 3109 477 3161 illam,
506 3124 638 3169 quam
668 3109 814 3171 lepido
848 3125 951 3156 sane
975 3121 1021 3156 et
1054 3125 1146 3155 non
1179 3107 1419 3169 ineleganti
1454 3109 1643 3156 invento
1675 3122 1987 3168 repugnarem.
2052 3109 2177 3170 Quid
2210 3109 2598 3171 deprehenderim,

313 3173 519 3234 singuiis
540 3172 645 3220 locis
664 3175 895 3236 adscripsi:
932 3173 1005 3221 bic
1029 3175 1231 3236 profiteri
1253 3188 1407 3234 cogor,
1437 3173 1567 3222 solidi
1593 3188 1665 3219 me
1689 3171 1802 3220 nihil
1824 3175 1932 3218 dum
1965 3172 2188 3229 invenire,
2219 3189 2300 3221 cur
2321 3171 2428 3220 viris
2451 3177 2595 3224 doctis

314 3238 560 3287 assentiar.
623 3238 826 3286 Gloriam
862 3239 1029 3298 ingenii
1065 3239 1215 3286 neutri
1250 3239 1486 3300 abjudic03
1522 3253 1679 3285 verum
1705 3236 1824 3293 illos,
1852 3237 1925 3284 vel
1947 3236 2221 3285 alterutrum
2254 3240 2429 3291 vidisse.
2465 3256 2595 3302 nego.

308 3306 592 3354 Dis-cusum
613 3303 748 3350 talem
769 3304 949 3364 indigne
970 3303 1088 3350 ferre
1112 3318 1247 3350 nemo
1269 3304 1419 3359 debet,
1450 3304 1636 3350 minime
1658 3302 1883 3358 omnium,
1913 3302 1991 3364 qui
2014 3315 2215 3365 receptas
2246 3306 2486 3351 sententias
2510 3322 2570 3368 op

308 3370 586 3435 pugnandos
602 3368 685 3415 sibi
708 3384 918 3416 sumsere.
983 3371 1231 3424 Caeterum,
1267 3368 1346 3430 qui
1381 3367 1527 3428 legere
1559 3369 1646 3414 hoc
1682 3367 1891 3415 saeculare
1930 3383 2110 3413 carmen
2138 3370 2383 3431 jucundius
2416 3369 2596 3429 volunt,

307 3435 384 3483 illi
408 3434 534 3497 priua
556 3444 827 3493 cognoscant
847 3445 967 3481 certe
986 3433 1139 3480 iocum
1166 3435 1349 3482 Zosimi
1370 3434 1446 3480 lib.
1469 3447 1515 3483 2.
1537 3449 1603 3496 pr.
1626 3434 1870 3494 praesertim
1896 3448 2065 3488 versus,
2086 3434 2163 3495 qui
2185 3435 2245 3480 ibi
2262 3435 2506 3482 recitantur
2522 3437 2594 3482 Si-

305 3499 537 3564 byllinos,
566 3514 680 3560 quos
700 3497 880 3560 quidem
902 3499 1210 3546 dissertatione
1234 3512 1338 3546 ante
1361 3499 1497 3546 citata
1526 3499 1745 3561 explicare
1767 3499 1859 3560 ipse
1881 3513 2063 3560 quoque
2083 3512 2277 3545 conatus
2308 3515 2425 3545 sum.
2471 3501 2593 3548 Illud

302 3565 527 3614 audimus
548 3579 718 3610 unum:
755 3563 935 3610 alternis
954 3564 1165 3611 cecinisse
1188 3580 1348 3627 pueros
1373 3581 1424 3612 ac
1446 3564 1636 3627 puellas,
1667 3565 1894 3611 interdum
1918 3579 2026 3610 vero
2040 3564 2240 3624 junxisse
2262 3579 2411 3622 voces,
2431 3566 2592 3626 probe·

302 3629 404 3678 bile
436 3629 550 3676 facit
582 3629 679 3690 ipsa
699 3626 816 3674 ratio
837 3627 1071 3675 carminis:
1119 3631 1226 3691 quid
1261 3642 1414 3676 autem
1453 3629 1697 3691 unicuique
1730 3629 2011 3675 hcmieborio
2033 3640 2110 3674 out
2133 3627 2272 3675 choro
2303 3630 2390 3675 toti
2420 3630 2477 3677 sit
2510 3631 2593 3678 tri-

300 3696 568 3753 buendum,
597 3687 946 3755 uniuscujusque
969 3693 1151 3742 lectoris
1171 3695 1350 3756 ingenio
1371 3695 1651 3758 permittere,
1679 3710 1786 3742 cum
1805 3694 1909 3741 libri
1928 3705 2128 3751 taceant,
2156 3694 2395 3742 malumus.
2437 3695 2523 3756 G.)

1161 3858 1372 3907 Mettu-
1403 3859 1689 3926 Sapphica„-

511 4020 783 4085 Pnoem:
812 4017 1238 4105 silvarumque
1267 4033 1495 4106 potens
1527 4023 1765 4099 Diana,

503 4126 836 4194 Lucidum
867 4129 1013 4193 coeli
1043 4129 1257 4208 deouS,
1309 4132 1373 4197 O
1405 4132 1663 4199 colendi

288 4333 317 4370 1
359 4319 526 4368 Pae„
541 4336 560 4371 ,-
596 4314 650 4361 h.
681 4329 725 4361 e.
754 4313 959 4363 Dos-ina.
1008 4314 1277 4377 Stephanus.
1327 4319 1383 4368 B.
1446 4320 1626 4384 hymno
1655 4317 1887 4373 celebrari,
1918 4315 2022 4378 quia
2047 4315 2127 4364 Sol
2148 4325 2194 4365 et
2215 4316 2356 4367 Luna
2388 4329 2591 4383 tempora

214 4389 353 4454 Apte
377 4386 607 4436 videntur
630 4378 708 4430 hic
727 4379 933 4443 inprimis
954 4381 1128 4445 Apollo
1161 4395 1209 4433 et
1230 4383 1383 4437 Diana
1448 4385 1707 4435 describunt
1729 4396 1777 4432 et
1797 4394 1976 4445 regunt.
2022 4383 2089 4430 Z.
