3000 4979
901 362 1457 435 SERMONUM
1489 364 1643 433 Lm.
1681 366 1733 435 1.
1772 379 1836 435 4.

2440 375 2570 439 319

299 560 385 617 15
495 545 825 633 Accipiam
851 544 1145 620 ‘tabulas3
1193 543 1384 610 detur
1415 543 1607 608 nobis
1634 541 1831 620 locuS,
1858 542 2042 621 hora,

479 656 832 733 Custodes3
886 653 1216 720 videamus
1251 669 1393 720 uter
1422 655 1570 740 plus
1600 653 1882 719 scribere
1913 655 2136 742 possit.

484 774 531 843 q
565 767 659 833 Di
691 768 854 831 bene
884 765 1189 843 fecerunt,
1221 766 1432 851 inopis
1460 788 1565 829 me
1587 765 1889 852 quodque
1918 764 2137 850 pusilli

486 878 848 942 Finxerunt
884 875 1102 952 animi,
1141 897 1286 939 raro
1318 888 1382 939 et
1409 897 1735 960 perpauca
1762 874 2115 962 loquentis:

484 988 575 1051 At
607 1003 677 1051 tu
708 984 1045 1050 conclusas
1075 984 1338 1049 hircinis
1367 985 1630 1050 follibus
1664 1008 1875 1064 aurnS,

311 1108 407 1163 20
500 1097 727 1183 Usque
758 1097 1119 1160 laborantes
1159 1095 1311 1159 dum
1344 1096 1585 1160 ferrum
1616 1095 1865 1160 molliat
1893 1094 2081 1183 ignis,

498 1206 593 1271 Ut
624 1206 843 1283 mavis·‚
876 1205 1147 1269 imitare.

1242 1204 1480 1269 Beatus
1517 1205 1821 1282 FanniuS‚
1858 1204 2026 1270 ultro

495 1315 748 1380 Delatis
779 1316 984 1400 capsis
1015 1329 1081 1379 et
1113 1316 1429 1403 imagine3

1478 1338 1624 1380 cum
1657 1338 1800 1379 mea
1831 1336 2020 1379 nemo

506 1425 761 1509 Scripta
786 1425 980 1512 legat,
1016 1424 1211 1513 vulgo
1241 1426 1512 1489 recitare
1543 1425 1848 1503 timentis,
1881 1424 1966 1489 ob
1998 1424 2166 1488 hanc
2196 1445 2351 1499 rem,

503 1533 702 1610 Quod
733 1549 882 1600 sunt
911 1558 1071 1622 quos
1099 1557 1303 1625 genus
1333 1535 1458 1599 hoc
1489 1536 1753 1601 minime
1776 1536 1979 1621 juvat,
2012 1546 2235 1618 utpote
2265 1531 2483 1617 plures

324 1653 414 1710 ‘25
511 1643 780 1729 Culpari
811 1645 1064 1732 dignos

1160 1645 1471 1720 Quemvis
1503 1644 1715 1708 media
1745 1644 1910 1731 elige
1943 1644 2170 1717 turba3

233 1848 298 1895 15
339 1834 514 1897 Accipe
539 1836 635 1895 jam
671 1837 804 1883 etiam
828 1835 898 1883 H.
936 1838 984 1883 ir.
1005 1838 1142 1884 Lech.
1172 1847 1216 1883 et
1237 1838 1301 1885 al.
1363 1837 1442 1884 sed
1465 1838 1629 1901 prinae
1656 1839 1777 1884 edm.
1812 1837 2073 1899 Accipiam.
2136 1831 2377 1895 Accipiam
2403 1830 2499 1892 jam
2525 1828 2586 1874 G.

418 1912 480 1958 25
514 1900 636 1960 digni
658 1920 712 1947 ex
735 1904 840 1966 conj.
867 1902 976 1949 Cim.
1033 1913 1119 1965 pro
1140 1901 1272 1963 elige,
1304 1903 1446 1965 arripe
1470 1902 1619 1949 Benel.
1638 1901 1751 1962 elige
1774 1912 1872 1950 aare
1903 1902 2012 1950 ΑΜ.
2032 1916 2137 1949 etue
2158 1898 2213 1946 ab
2235 1897 2350 1945 Aldo
2370 1895 2431 1942 al.

236 2078 527 2139 Interpretes
547 2074 635 2124 hoc
669 2092 760 2124 non
794 2076 972 2123 vidisse.
1038 2077 1093 2124 B.
1158 2078 1258 2138 Ego
1280 2093 1388 2126 vero

1518 2080 1610 2126 Pro
1630 2079 1833 2143 loquentis
1875 2077 2110 2125 Bentleius
2142 2070 2354 2122 Lambini
2387 2064 2595 2127 exemplo

236 2142 373 2189 haud
397 2140 557 2198 miror,
588 2158 665 2189 eos
687 2157 780 2189 non
819 2143 978 2189 vidisse
1010 2144 1132 2205 quod
1166 2158 1388 2206 nusquam
1452 2145 1681 2206 rescripsit
1719 2146 1966 2207 loquentem,
1996 2156 2131 2205 atque
2174 2141 2237 2187 ita
2268 2137 2406 2184 etiam
2438 2131 2601 2204 edidit,

240 2220 340 2266 est,
384 2205 471 2252 nisi
516 2206 561 2253 in
604 2206 800 2254 hominis
855 2207 975 2254 forte
1018 2208 1190 2255 barbari
1234 2208 1391 2269 glossa.
1454 2209 1532 2257 sed
1555 2225 1657 2256 meo
1686 2209 1859 2270 judicio
1880 2206 2136 2257 duriuscule
2157 2216 2204 2253 ct
2238 2203 2389 2250 minus
2410 2212 2597 2270 concin-

240 2274 483 2321 Provocat
504 2270 744 2333 Crispinus
777 2271 1055 2320 Horatium:
1092 2273 1316 2335 Accipere
1338 2290 1392 2321 o-
1456 2290 1531 2321 ne.
1614 2276 1702 2321 Pro
1736 2275 1905 2322 molliat
1945 2273 2083 2321 etiam
2120 2271 2189 2334 [v.
2229 2264 2329 2329 ια]
2369 2266 2489 2311 idem
2526 2274 2598 2335 vu:

243 2348 405 2401 portet
440 2347 686 2399 utrumque
708 2338 861 2384 statim
897 2338 1254 2385 instrumentum
1288 2340 1399 2385 scri-
1464 2340 1627 2386 doctus
1663 2339 1770 2386 feeit
1796 2341 1999 2394 emollias,
2033 2353 2125 2399 quo
2147 2334 2343 2397 placeret
2374 2344 2470 2377 sum
2502 2340 2601 2374 aun

247 2402 414 2457 bendi,
435 2401 626 2458 tabulas,
656 2417 749 2448 non
772 2403 818 2448 in
858 2402 1022 2463 quibus
1043 2402 1156 2449 alius
1194 2404 1400 2451 testatio·
1465 2402 1594 2451 nullo
1616 2404 1698 2451 sub
1721 2417 1922 2461 auctore,
1948 2403 2016 2450 uti
2035 2418 2152 2465 saepe
2174 2399 2295 2446 alias.

249 2482 368 2517 nem
393 2466 578 2523 scribat,
596 2466 672 2515 sed
696 2466 772 2514 ubi
795 2482 947 2515 versus
969 2466 1066 2531 ip3i.
1099 2469 1161 2516 G.

1532 2481 1595 2519 20
1630 2468 1917 2526 Labor-amet,
1946 2468 1995 2516 h.
2014 2484 2056 2517 e.
2078 2481 2182 2515 cum
2204 2461 2442 2513 molimine
2464 2456 2604 2505 anhe-

326 2530 377 2579 Si
396 2536 490 2586 vis,
511 2534 744 2596 Accipiam
758 2553 774 2586 ‚-
811 2532 875 2580 sic
895 2534 1100 2592 legerunt
1130 2549 1289 2581 omnes
1309 2535 1401 2581 fere
1466 2535 1630 2591 lantes,
1648 2545 1700 2581 ut
1715 2534 1807 2580 fere
1823 2535 2054 2581 fabrorum
2074 2532 2220 2581 foues.
2279 2527 2424 2576 Hunc
2444 2524 2601 2571 locum

251 2597 420 2660 scripti
443 2596 639 2645 Codices
671 2612 774 2644 cum
795 2598 1017 2645 Turnebo
1050 2610 1097 2645 et
1118 2599 1230 2646 Vet.
1254 2599 1404 2646 Schol.
1470 2600 1674 2647 imitatus
1695 2613 1762 2646 est
1784 2600 1964 2646 Persius
1979 2612 2027 2659 5.
2050 2609 2127 2646 ιο.
2148 2598 2202 2643 Β.

251 2680 348 2729 pro
369 2664 424 2711 Si
446 2664 540 2717 vis,
574 2664 856 2774 accissegam.
923 2663 1151 2723 Significat
1175 2663 1287 2710 nibil
1319 2665 1404 2710 sibi

253 2733 439 2842 33:1⁸5.
440 2738 604 2791 praeter
623 2737 669 2774 ta
701 2743 730 2774 u

1535 2677 1594 2713 21
1629 2665 1931 2712 Urbanissina
1962 2664 2252 2710 amaritudine
2278 2659 2435 2706 dicitnr
2451 2675 2468 2703 .·
2503 2668 2605 2700 nan

777 2743 822 2785 s;
859 2743 965 2774 nam
986 2741 1145 2791 sponte
1168 2744 1248 2776 sua
1264 2728 1407 2777 fluent
1471 2732 1666 2777 Fannius
1731 2730 2001 2797 Qadrarus
2061 2746 2105 2776 eo
2158 2735 2343 2791 tenpore
2398 2721 2608 2785 Satyrou

1471 2794 1697 2851 scribebat,
1732 2808 1771 2842 ee
1803 2804 1902 2842 erat
1937 2796 2026 2841 sine
2063 2792 2229 2840 liberis.
2307 2787 2458 2853 Hujus
2498 2788 2610 2832 ina·

339 2870 399 2918 15
437 2857 570 2905 Male
603 2857 835 2905 Bentleius
865 2859 1044 2922 Accipe,
1047 2862 1152 2924 jau
1175 2874 1255 2920 pro
1279 2859 1410 2906 Acci·
1466 2863 1611 2923 giam
1647 2869 1690 2906 et
1709 2861 1835 2906 libros
1867 2860 2028 2906 haerede‘
2097 2876 2132 2904 α
2165 2859 2208 2903 in
2233 2854 2431 2920 publicas
2461 2849 2612 2897 biblio-

251 2937 412 3037 ἴση,
453 2939 508 2970 cx
552 2922 821 2971 auctoritate
867 2923 1127 2986 pauciorum
1173 2924 1412 2971 Codicum.
1477 2927 1621 2970 thecas
1644 2923 1905 2988 referebant,
1932 2926 2010 2971 nul
2026 2943 2048 2970 o
2077 2925 2227 2970 nerito
2244 2920 2438 2968 doctoris·
2499 2913 2614 2959 vet·

320 3023 334 3035 .
396 2989 498 3035 lmo
528 2989 684 3034 eadem
721 2987 858 3035 lectio
879 3000 1026 3035 exstat
1062 2989 1108 3034 in
1141 2989 1211 3035 ed.
1241 2989 1410 3034 Venet.
1475 2987 1628 3035 Schol.

273 3065 333 3100 et
372 3051 501 3098 Glar.
567 3053 629 3100 Z.
683 3052 917 3117 Accipiam
956 3054 1098 3113 magis
1133 3053 1269 3100 etiam
1308 3053 1411 3100 ideo

274 3117 451 3182 placet,
483 3119 604 3179 quod
622 3117 676 3164 ad
709 3132 805 3163 rem
828 3117 1041 3178 pertinet,
1060 3118 1197 3165 etiam
1238 3117 1412 3193 Crispi·
1475 3132 1574 3164 rare

279 3196 404 3231 num
439 3181 609 3228 tabulas
644 3198 678 3230 s.
714 3182 953 3245 pugillares
990 3181 1218 3244 accipere:
1272 3195 1419 3243 agitur

235 3309 256 3324 .
279 3246 509 3358 enimGde
546 3247 801 3310 sponsione,
833 3258 928 3294 uter
965 3249 1065 3312 plus
1100 3247 1284 3294 scribere
1319 3260 1421 3311 pos-

279 3326 368 3362 set.
450 3345 464 3359 .

359 3375 423 3426 16
461 3376 659 3426 Custodes
671 3400 690 3433 ,-
725 3390 772 3425 ue
798 3380 999 3442 proprios
1017 3378 1260 3442 faciamus.
1312 3377 1426 3426 Vct.

286 3442 449 3491 Schol.
478 3442 534 3489 Β.
569 3443 645 3491 Ne
665 3443 925 3490 adferantur
945 3442 1094 3490 alieni.
1128 3445 1190 3490 G.

359 3519 421 3567 17
457 3507 544 3554 Dii
558 3508 862 3569 benefecerunt
873 3529 891 3561 ,·
929 3509 1082 3560 κιλός
1100 3507 1317 3560 leniatur·
1333 3507 1424 3555 for·

285 3590 368 3622 ma
381 3573 540 3633 agendi
553 3572 718 3634 gratias
729 3573 847 3635 apud
865 3574 1084 3630 Graecos3
1108 3587 1158 3621 ut
1176 3574 1289 3620 bene
1306 3573 1427 3621 Cru-

287 3638 443 3702 quius.
484 3637 540 3684 Β.
559 3659 562 3662 ·
584 3639 694 3685 Inde
716 3654 741 3684 a
768 3636 846 3685 D?
862 3651 929 3685 est
948 3640 1094 3686 oratio
1113 3641 1275 3700 poe‘tae.
1337 3639 1427 3685 Er-

265 3720 350 3765 το
372 3702 440 3750 sic
459 3701 659 3750 distinxi.
694 3702 757 3750 Z.

362 3769 517 3831 Inopae's
537 3779 586 3815 et
613 3769 770 3832 pusilli
786 3770 941 3826 animi,
973 3767 1020 3816 b.
1042 3784 1081 3816 e.
1112 3769 1261 3816 tenuis
1281 3780 1328 3816 et
1359 3768 1431 3815 in·

292 3833 481 3881 audacis
515 3832 712 3895 spiritus.
794 3834 979 3896 operosa
1007 3846 1182 3898 parvus
1222 3834 1431 3881 Carmina

283 3900 419 3974 fingo
457 3898 566 3944 Lib.
587 3898 676 3945 IV.
708 3898 811 3945 Ode
834 3910 881 3947 2.
941 3899 1162 3946 Tardiora
1190 3899 1366 3958 ingenia
1389 3910 1437 3946 et

298 3962 590 4076 &ingentiora
630 3961 725 4009 fere
768 3975 890 4022 sunt,
926 3975 974 4010 et
1003 3964 1177 4027 judicio
1219 3963 1320 4026 plus
1363 3979 1438 4010 va·

347 4042 417 4076 nt.

378 4090 438 4141 18
473 4092 749 4147 Fiant-unu
783 4094 838 4139 de
878 4093 1138 4140 Promethei
1173 4093 1326 4140 sabula
1363 4109 1442 4141 co·

1545 3053 1692 3107 Ultro,
1714 3068 1818 3100 cum
1854 3054 1945 3114 ipse
1969 3053 2033 3100 nil
2054 3053 2144 3100 tale
2167 3058 2392 3114 quareret
2417 3043 2489 3092 vel
2511 3057 2614 3117 spe·

1616 3130 1779 3180 posset.
1848 3119 1903 3166 B.
1970 3117 2161 3174 Melius,
2200 3127 2331 3177 puto,
2369 3108 2613 3183 Marcilius

1483 3183 1601 3230 ultro
1654 3181 1861 3243 explicat.
1954 3184 2109 3231 Nemo
2151 3179 2399 3243 expetierat
2451 3182 2616 3235 scripto

1485 3246 1665 3302 Fannii,
1700 3259 1820 3294 certe
1842 3247 2133 3294 Bibliotheca
2167 3241 2367 3307 praefecti
2407 3255 2501 3288 non
2535 3251 2620 3284 cu-

1486 3321 1691 3359 raverant
1724 3313 1937 3361 describi:
1976 3312 2050 3360 sed
2074 3310 2146 3357 vel
2182 3311 2276 3372 ipse
2297 3306 2497 3355 Fannius
2535 3301 2621 3377 ob-

1488 3378 1674 3432 tulerat,
1706 3377 1778 3424 vel
1809 3377 1931 3425 illius
1963 3376 2111 3424 amici.
2173 3375 2249 3423 De
2281 3370 2540 3436 imaginibus
2572 3381 2623 3444 in

1493 3442 1792 3490 Bibliothecis
1808 3442 1899 3490 vid.
1938 3441 2055 3491 Liv.
2092 3454 2168 3503 35.
2212 3453 2256 3489 2.
2342 3439 2418 3484 De
2461 3435 2619 3496 Capsu

1490 3521 1643 3555 noster
1663 3509 1756 3555 Sat.
1785 3522 1827 3556 1.
1852 3520 1927 3556 ιο.
1949 3507 1978 3556 6
1982 3519 2027 3567 3.
2047 3509 2240 3570 Epista..
2268 3519 2312 3553 ι.
2334 3499 2446 3552 268.
2493 3500 2559 3546 G.

1557 3585 1621 3623 22
1658 3573 1827 3636 Capsa,
1854 3573 2029 3621 Thecae
2064 3583 2191 3620 erant
2227 3570 2446 3617 librorum
2489 3577 2627 3639 atque

1492 3639 1632 3686 etiam
1663 3637 1853 3686 aliarum
1876 3653 2055 3686 rerum:
2095 3653 2177 3685 nos
2218 3633 2386 3692 Casu
2415 3631 2631 3685 dicimus,

1497 3702 1651 3751 Graecl
1670 3704 1852 3762 κόψας.

1563 3768 1701 3815 Nemo
1732 3768 1839 3828 legit
1871 3768 2068 3827 inedita;
2100 3782 2246 3830 neque
2277 3764 2400 3813 enim
2433 3761 2630 3810 edeban-

1496 3846 1576 3882 tur
1608 3832 1691 3881 nisi
1714 3849 1815 3894 quae
1836 3834 2012 3894 publica
2032 3834 2295 3881 recitatione
2327 3829 2633 3894 probabantur

1531 3914 1639 3947 rius.

1499 3915 1530 3962 Ρ
1571 3976 1631 4024 25
1666 3964 1789 4010 Pene
1821 3979 1979 4010 omnes
2003 3962 2153 4011 MSS.
2188 3962 2394 4024 legerunt
2412 3962 2523 4027 elige
2554 3971 2638 4021 pro

1506 4047 1601 4076 erue
1618 4049 1635 4082 ‚-
1693 4028 1755 4076 sie
1800 4041 1847 4075 et
1889 4029 2083 4076 Veteres
2132 4029 2427 4086 Scholiastae;
2482 4038 2639 4089 estque

1508 4095 1639 4153 longe
1678 4093 1857 4150 melius,
1885 4106 1933 4141 et
1969 4093 2076 4142 huic
2107 4094 2212 4142 loco
2245 4093 2642 4142 accommodatius.

307 4157 498 4219 giravit3
531 4159 595 4205 sic
635 4168 683 4205 et
717 4158 977 4224 Juvenali33
1023 4158 1182 4206 Finxit
1210 4162 1446 4223 precordia
1512 4159 1715 4204 Mediam
1746 4158 1918 4206 turbam
1955 4160 2172 4221 populum
2198 4160 2334 4208 dicitz
2383 4175 2487 4206 nam
2522 4157 2645 4204 idem

298 4233 304 4240 '
312 4222 468 4270 Titan.

1514 4226 1695 4270 aedium
1727 4224 1849 4286 quod
1886 4223 2119 4286 publicum
2145 4236 2191 4273 et
2214 4240 2472 4273 commune.
2537 4226 2647 4273 Me-

383 4288 600 4335 Ostendit
624 4303 668 4334 se
693 4303 836 4349 neque
859 4298 1017 4335 natura
1033 4287 1286 4350 loquacem,
1306 4303 1450 4351 neque
1517 4290 1608 4342 dia,
1642 4307 1736 4353 qua
1766 4298 1866 4335 anre
1901 4299 2153 4353 conspectum
2191 4299 2269 4337 est.
2347 4293 2461 4338 Vet.
2499 4290 2656 4340 Schol.

310 4353 361 4400 in
387 4353 660 4400 carminibus
678 4354 928 4412 garrulum,
945 4353 1140 4413 eleganti
1161 4352 1357 4412 Dilogia.
1401 4354 1453 4400 B.

313 4419 467 4464 Recte
501 4420 708 4481 loquentis
738 4422 889 4465 animi.
957 4419 1154 4466 Animus
1186 4418 1308 4464 enim
1349 4435 1456 4467 auc-

314 4493 391 4529 tor
414 4495 481 4530 est
504 4485 723 4532 sermonis
745 4484 812 4532 vel
837 4483 957 4545 parci
982 4483 1052 4531 vel
1078 4483 1263 4547 copiosi.
1297 4485 1360 4530 G.

1520 4352 1649 4400 Hinc
1685 4365 1732 4400 et
1766 4357 1810 4400 in
1846 4356 2026 4400 medium
2056 4357 2213 4420 φιτ-ε
2253 4356 2446 4404 dicimus
2485 4372 2566 4418 pro
2605 4358 2652 4404 in

1522 4433 1780 4466 commune.
1813 4419 1868 4466 B.
1934 4421 2106 4485 Atripe
2125 4420 2382 4483 pulchrum,
2411 4422 2466 4467 ad
2488 4420 2659 4483 signifi·

1524 4484 1717 4533 candum
1757 4498 1991 4542 eastimet
2030 4486 2153 4533 velut
2186 4485 2504 4535 temeritatem.
2568 4487 2658 4532 Sed
