3000 4979
433 312 556 369 124

1087 293 1174 369 Q.
1223 286 1642 357 HORATII
1692 285 2039 353 FLACCI

692 467 846 536 Hac
875 478 1012 531 arte
1045 460 1285 528 Pollux
1315 471 1382 525 ct
1410 480 1609 547 vagus
1644 456 1962 523 Hercules

524 593 604 650 10
689 578 945 654 Enisus,
978 595 1152 640 arces
1181 570 1393 658 attigit
1421 569 1679 657 igneas;

780 689 965 765 Quos
994 685 1163 749 inter
1195 683 1525 770 Augustus
1555 677 1931 744 recumbens

871 798 1207 882 Purpureo
1228 792 1396 859 bibit
1424 813 1538 856 ore
1568 802 1803 855 nectar.

698 913 852 981 Hac
881 923 946 975 te
975 918 1350 982 merentem,
1386 901 1642 969 Bacche
1669 914 1871 986 pater,
1904 910 2032 963 tuae

694 1026 950 1094 vexere
980 1021 1196 1108 tigreS,
1229 1013 1489 1079 indocili
1508 1012 1739 1099 jugum

469 1147 612 1205 ·15

792 1130 981 1199 Collo
1009 1126 1363 1195 trahentes:
1409 1122 1533 1187 hac
1567 1120 1879 1198 Quirinus

880 1241 1115 1307 Martis
1144 1236 1320 1324 equis
1350 1233 1722 1300 Acheronta
1749 1231 1947 1320 fugit3

709 1359 990 1426 Gratum
1017 1350 1271 1418 elocuta
1298 1345 1775 1413 consiliantibus

711 1470 967 1535 Junone
997 1462 1223 1531 Divis:
1272 1458 1463 1536 Ilion,
1498 1457 1671 1523 Ilion

792 1574 1030 1642 Fatalis
1057 1573 1464 1657 incestusque
1485 1568 1710 1656 judex,

456 1699 628 1757 ·20

459 1915 523 1952 ιο
553 1900 720 1950 Enim:
750 1898 885 1947 Brod.
970 1897 1138 1945 Enisus
1170 1914 1225 1944 ex
1261 1894 1419 1943 MSS.
1454 1896 1586 1942 etr'an
1618 1894 1768 1944 Beate.

885 1963 1076 2011 Innixus
1111 1963 1164 2011 V
1157 1980 1221 2009 en.
1245 1963 1376 2007 Glar·
1394 1960 1555 2009 Lamb-

462 2133 554 2197 (uti
571 2127 884 2192 Anaxagoras)
895 2128 1152 2178 constitisse
1171 2127 1310 2176 solide
1325 2126 1588 2175 credebant:

463 2200 639 2249 contra
656 2195 911 2243 Orientales
926 2211 979 2242 ex
994 2210 1142 2256 panno
1156 2194 1331 2241 factum
1345 2192 1586 2255 putabant:

463 2279 569 2312 nam
587 2277 669 2325 pro
690 2260 889 2308 tentorio
905 2260 977 2308 vel
996 2274 1197 2321 conopeo
1217 2258 1457 2315 habebant,
1470 2259 1592 2320 quod

462 2327 584 2390 apud
597 2341 692 2384 eos,
702 2324 951 2388 presertim
968 2323 1286 2386 antiquissimis
1300 2323 1597 2385 temporibus,

466 2406 697 2442 summum
719 2402 832 2438 erat.
897 2389 1071 2437 Anusit
1091 2389 1225 2437 etiam
1250 2389 1303 2435 ad
1323 2390 1593 2436 Graecorum

468 2456 787 2513 Proverbium,
839 2453 894 2502 Τι’
943 2454 980 2502 u'
1019 2453 1184 2521 οὒςανός
1221 2452 1417 2514 ipa-im,
1454 2452 1503 2501 h.
1553 2468 1594 2501 c.

471 2524 593 2584 Quid
621 2525 662 2569 u·
680 2522 822 2568 celum
853 2534 973 2568 rear.
1035 2521 1210 2567 Erasm.
1238 2531 1284 2567 et
1321 2519 1598 2566 Mancinell.

466 2588 582 2635 Vet.
602 2585 754 2634 Schol.
770 2587 884 2633 bene
905 2596 1036 2633 notat
1064 2585 1320 2640 Ἀνάβιιη,
1338 2583 1409 2631 vel
1442 2584 1598 2646 grada-

468 2653 644 2701 tionem
665 2668 690 2698 a
711 2650 880 2714 populo
901 2651 958 2698 ad
976 2650 1142 2715 jovem
1165 2661 1212 2697 et
1233 2649 1413 2697 coelum.

538 2730 569 2780 9
601 2716 752 2764 Docte
772 2716 985 2763 Donatus
1011 2733 1152 2762 arem
1185 2731 1211 2761 a
1235 2717 1400 2762 Graeco
1433 2710 1486 2761 ’A
1518 2713 1597 2765 στὶ

470 2781 670 2838 deducit,
688 2782 810 2844 quod
840 2780 981 2828 virtus
1004 2791 1099 2827 est:
1135 2782 1222 2827 Est
1242 2780 1363 2827 enirn
1384 2780 1521 2845 cigna-n
1541 2779 1597 2828 ab

472 2850 616 2916 Effer,
633 2847 860 2903 masculus,
881 2856 935 2894 ut
955 2845 1097 2892 virtus
1114 2860 1140 2892 a
1163 2845 1276 2893 viro.

538 2913 720 2963 Notum
741 2923 809 2958 est
828 2911 1045 2958 Polluce·-
1067 2925 1171 2958 cum
1191 2910 1331 2958 fratre
1356 2909 1534 2958 Castore
1552 2921 1601 2958 et

473 2978 672 3028 Hercule
690 2988 924 3041 tyrannos,
949 2986 1085 3038 atque
1107 2974 1192 3024 alia
1213 2986 1414 3023 monstra
1434 2986 1600 3024 contu-

539 3122 604 3158 10
657 3107 781 3156 Cum
825 3105 902 3155 ulii
955 3106 1103 3155 Codd.
1154 3104 1347 3155 babeant
1397 3107 1606 3165 Innixus,

471 3175 625 3239 plures
655 3173 849 3231 Inuisus,
880 3171 1090 3221 nonnulli
1126 3171 1265 3219 etism
1302 3172 1486 3231 Baius,
1520 3187 1604 3219 nos

471 3255 581 3289 cum
602 3237 793 3298 eleganti
815 3237 912 3285 viro
932 3238 1031 3303 Jac.
1068 3236 1278 3300 cruquio
1317 3237 1482 3286 Enim:
1506 3252 1605 3284 ma-

469 3306 679 3363 luimus-‚2
700 3303 814 3362 Vix⁶
836 3320 962 3350 nane
993 3311 1170 3351 recentes
1212 3301 1450 3349 Enimtnr
1490 3305 1605 3376 equi.

473 3371 612 3419 ovid.
631 3368 760 3416 Met.
781 3379 829 3415 2.
849 3365 928 3424 64.
946 3367 1001 3413 de
1036 3365 1147 3415 solis
1167 3365 1307 3429 equis.
1373 3366 1495 3413 Bene
1517 3367 1603 3426 igi-

471 3446 549 3483 tur
568 3433 756 3496 subjecit
776 3432 966 3495 Artigit.

537 3512 603 3549 12
654 3499 817 3561 Apage
854 3494 1090 3543 ministula
1122 3494 1311 3542 deorum
1366 3509 1459 3552 ora,
1494 3509 1600 3543 cum

473 3575 650 3614 constet
671 3575 826 3610 nectar
845 3560 984 3609 fuisse
1004 3560 1144 3607 rubro
1166 3559 1332 3607 colore·

662 3625 796 3675 'Pan
817 3626 872 3680 ὃς
894 3624 1064 3687 *γίνοιτο
1083 3622 1264 3690 Nineue

665 3693 956 3754 Ἐπιτίιγξκς.
1008 3693 1271 3739 Anacreon.
1318 3688 1376 3736 Β.
1422 3689 1607 3754 ,Purpu-

473 3777 596 3808 reum
631 3777 675 3807 os
705 3758 965 3821 pulchrum,
998 3755 1140 3803 floridi
1166 3766 1212 3802 et
1249 3753 1397 3815 vegeti
1429 3754 1608 3803 coloris.

475 3826 678 3873 Omnem
711 3823 876 3871 coloris
895 3819 1283 3884 pulchritudinem
1325 3831 1453 3867 notat
1472 3836 1485 3867 z
1522 3820 1607 3883 ipsi

471 3890 604 3936 olores
616 3890 830 3953 purpurea·
849 3899 1005 3934 nostro
1027 3886 1136 3934 Car.
1156 3899 1203 3942 4.
1223 3898 1268 3932 1.
1287 3896 1362 3933 ιο.
1413 3884 1607 3932 Pulchre

471 3954 672 4002 laudavit
684 3968 789 4001 cum
803 3952 1035 4000 Simonide
1046 3950 1284 4000 Catullum
1298 3947 1362 4007 46
1376 3951 1431 3996 de
1445 3952 1610 4008 Acme,

474 4018 723 4069 Bentleius.
788 4019 1008 4067 Ceterum
1032 4018 1154 4080 quod
1185 4015 1295 4064 bibet
1315 4014 1477 4062 malint
1506 4015 1608 4077 qui-

472 4087 578 4132 dam
599 4098 681 4146 pro
702 4083 824 4141 bibit,
843 4082 1056 4130 auferunt
1087 4083 1234 4144 po‘c‘tae
1255 4096 1381 4127 suam
1405 4080 1613 4140 gratiam,

469 4149 552 4213 qui
648 4158 842 4196 etentes·
876 4149 1023 4196 Deua
1066 4157 1305 4193 veneratur
1346 4147 1611 4205 Augustum

476 4216 546 4278 (v.
561 4160 706 4276 ἐξίει.
723 4227 768 4262 2.
789 4226 833 4260 1.
848 4211 937 4276 pr.)
953 4224 999 4259 et
1019 4212 1140 4259 forte
1162 4209 1343 4272 respicit
1365 4211 1419 4257 ad
1439 4225 1611 4285 emnam

472 4278 667 4328 similem
706 4277 774 4324 illi
809 4274 1070 4339 munet„
1105 4276 1184 4326 ubi
1212 4278 1452 4335 Augustus
1487 4286 1607 4323 inter

469 4343 711 4393 duodecim
725 4343 852 4391 Deos
861 4341 1196 4404 proAppolline
1210 4340 1436 4399 accubuit,
1451 4341 1609 4388 Sueto.

474 4422 554 4474 70.
583 4408 660 4461 Sic
679 4422 947 4474 responsum
979 4408 1117 4457 etism
1139 4406 1404 4468 Harduino,
1422 4407 1502 4472 qui
1522 4421 1606 4471 pu·

890 1685 979 1752 Et
1005 1682 1234 1750 mulier
1261 1680 1600 1769 peregrina
1627 1678 1817 1745 vertit

1860 1893 2270 1954 himma-innixus
2299 1899 2363 1945 al.
2451 1892 2631 1949 Invisus
2678 1906 2807 1953 Zur.

1814 1971 1877 2009 12
1908 1959 2031 2008 bibet
2051 1963 2180 2008 etiam
2200 1962 2338 2012 Brod.

1657 2138 1745 2185 tat,
1772 2128 1827 2173 dc
1849 2126 1954 2174 vivo
1985 2128 2201 2189 Augusto
2225 2129 2309 2177 ista
2337 2128 2425 2179 dici
2448 2146 2538 2178 non
2571 2134 2805 2195 potuisse.

1724 2269 1784 2316 13
1818 2257 2012 2305 Bacchas
2049 2270 2097 2306 et
2122 2257 2331 2319 Quirinus
2362 2261 2722 2323 Legumlatores
2756 2275 2807 2312 et

1656 2322 1802 2371 civilis
1821 2323 1929 2370 vitoe
1950 2334 2158 2372 auctores
2177 2326 2319 2375 fuere.

1726 2385 1785 2435 16
1820 2389 2003 2435 Martis
2034 2392 2169 2452 equis,
2202 2391 2247 2438 h.
2281 2407 2322 2439 e·
2365 2391 2583 2454 quidrigls
2614 2393 2808 2441 Martis

1657 2452 1821 2501 coelutn
1865 2454 2125 2503 conscendit
2146 2472 2159 2502 z
2218 2456 2445 2517 Quirinum
2499 2460 2543 2505 t'ae
2596 2458 2808 2508 honoreus

1660 2518 1859 2584 Augusti
1870 2519 2038 2567 laudat.
2055 2521 2165 2570 Vct.
2179 2521 2330 2569 Schol.
2348 2522 2670 2573 Pulcherrimo
2683 2527 2805 2588 Epi·

1660 2585 1781 2631 sodia
1802 2583 1971 2647 reliqua
1990 2587 2263 2648 exsequitur.
2326 2588 2379 2634 Β.
2438 2589 2515 2636 Ne
2538 2589 2804 2651 episodium

1661 2649 1843 2711 quidem
1864 2661 1950 2707 est,
1972 2651 2047 2697 sed
2072 2663 2387 2711 argumentum
2411 2653 2636 2716 princeps,
2660 2656 2700 2703 si
2723 2671 2808 2702 va·

1659 2713 1752 2761 leat
1783 2714 2005 2761 sententia
2028 2716 2176 2774 Fabri,
2206 2716 2254 2764 in
2276 2716 2486 2765 lemmate
2523 2720 2764 2783 proposita
2787 2738 2802 2767 z

1660 2795 1764 2842 quae
1798 2791 1949 2840 potest
1987 2795 2090 2828 vera
2121 2797 2233 2840 esse,
2262 2783 2300 2829 si
2337 2781 2408 2829 vel
2437 2784 2546 2845 joco
2583 2785 2804 2832 inciderit

1660 2843 1832 2891 mentio
1863 2844 1934 2892 vel
1966 2844 2014 2892 in
2048 2845 2125 2893 tali
2155 2863 2280 2894 coena
2311 2844 2572 2910 δυδικιθίφ,
2601 2850 2661 2896 dc
2696 2852 2804 2898 sede

1662 2909 1839 2972 imperii
1860 2910 2163 2958 transferenda
2195 2912 2241 2958 in
2263 2924 2461 2960 veterem
2494 2914 2692 2976 patriam
2715 2916 2806 2981 Ju-

1661 2974 1848 3022 liorum.
1911 2976 2022 3024 Non
2045 2977 2172 3024 novit
2192 2980 2362 3041 politas,
2382 2979 2419 3026 si
2441 2979 2543 3041 quis
2563 2995 2681 3042 opus
2706 2997 2804 3029 esse

1666 3051 1798 3102 putet
1819 3040 1873 3087 ad
1900 3055 2113 3100 magnum
2136 3053 2183 3089 et
2202 3042 2443 3106 pulchrum
2466 3059 2653 3093 carmen
2676 3061 2807 3105 mag-

1668 3120 1726 3152 ne
1748 3117 1795 3153 et
1814 3103 1928 3152 seria
1958 3106 2190 3154 occasione
2211 3108 2284 3156 vel
2322 3120 2601 3169 argumento.
2674 3111 2806 3173 Quid

1668 3169 1705 3217 si
1743 3169 1791 3217 in
1829 3169 1904 3216 illa
1938 3186 2082 3230 coena,
2104 3172 2181 3220 ubi
2203 3173 2378 3236 Apono,
2412 3174 2502 3222 fuit
2540 3177 2808 3236 Augustus,

1664 3235 1791 3300 Juno
1810 3234 1951 3282 fuerit
1976 3236 2133 3284 Livia:
2173 3238 2280 3300 quid
2316 3239 2355 3285 si
2374 3238 2569 3286 similem
2599 3242 2804 3289 mimum

1666 3297 1872 3360 egerint?
1904 3302 2024 3349 conf.
2038 3302 2168 3363 Virg.
2184 3304 2300 3351 AEn.
2317 3317 2395 3353 12.
2412 3304 2693 3367 791—842.
2710 3307 2806 3355 Ce-

1665 3376 1815 3412 terum
1837 3381 1919 3429 pro
1941 3367 2123 3415 Martis
2144 3371 2258 3433 equis
2279 3368 2435 3416 Barth.
2454 3370 2581 3417 Adv.
2602 3383 2687 3433 39.
2709 3385 2759 3435 9.
2776 3388 2807 3418 e

1667 3430 1781 3478 MS.
1802 3430 1973 3493 profert
1996 3432 2165 3480 Patris.
2230 3433 2431 3481 Pulchre
2452 3450 2573 3483 sanc.
2610 3437 2743 3499 Quid
2765 3437 2806 3485 si

1665 3495 1851 3544 Martis
1870 3496 2014 3556 glossa
2034 3496 2137 3546 est?
2204 3501 2266 3547 G.

1734 3570 1793 3620 17
1848 3562 2181 3612 consiliantibus
2199 3584 2216 3618 ,-
2279 3564 2509 3613 Consilinu-
2552 3565 2805 3615 habentibus

1669 3624 1755 3672 diis
1787 3628 1837 3672 de
1869 3629 2101 3691 recipiendo
2141 3630 2323 3677 Romulo
2365 3634 2409 3678 in
2446 3648 2667 3680 numeru-
2708 3636 2805 3680 deo·

1670 3708 1782 3738 run.
1846 3692 1955 3739 Vct.
1979 3692 2128 3742 Schol.

1737 3754 1798 3805 18
1832 3756 1977 3812 Ilion
2014 3759 2158 3814 Ilion
2194 3761 2366 3807 Amara
2386 3761 2652 3809 recordatio.

1738 3834 1799 3883 19
1834 3823 2005 3870 fatalis
2043 3824 2103 3870 ol!
2144 3825 2403 3872 Cassandra:
2440 3826 2709 3875 vaticinium
2756 3839 2804 3875 et

1672 3887 1791 3947 quod
1809 3887 2053 3936 obscoenus.
2085 3890 2343 3937 Antonium
2366 3890 2553 3939 obscure
2569 3892 2805 3953 significet.

1672 3950 1727 3998 B.
1789 3953 1972 4001 Auctor
1991 3953 2116 4001 exitii
2138 3955 2196 4001 ob
2216 3956 2378 4003 fatum.
2446 3958 2508 4004 Z.

1737 4027 1801 4064 20
1835 4018 2013 4065 Mulier
2023 4023 2244 4085 peregrina.
2276 4020 2457 4069 Helena
2479 4034 2526 4069 et
2545 4021 2808 4086 Cleopatra.

1674 4081 1786 4129 Vid.
1804 4097 1907 4145 quae
1928 4099 2058 4146 supra
2080 4084 2274 4133 diximus
2297 4087 2399 4134 Ode
2424 4100 2498 4146 15.
2514 4088 2622 4134 Lib.
2644 4090 2678 4134 l.
2700 4088 2808 4135 No·

1676 4158 1775 4194 turn
1815 4159 1881 4196 est
1898 4152 2150 4215 peregrinas
2180 4151 2318 4199 fuisse
2347 4152 2571 4200 veteribus
2604 4154 2808 4216 infantes.

1677 4211 1733 4259 B.
1756 4211 2010 4276 Cleopatrae
2025 4214 2098 4262 hic
2115 4214 2229 4262 nihil
2242 4217 2384 4264 videri
2403 4233 2495 4265 esse
2512 4218 2802 4281 negotii,jarn

1676 4277 1922 4325 indicatum
1948 4291 2031 4328 cst.
2074 4281 2313 4347 Hospitem
2334 4283 2528 4343 vocavit,
2547 4283 2680 4343 ξίησν,
2701 4283 2809 4330 He-

1670 4342 1821 4392 lenam
1844 4344 1980 4396 etiam
2005 4358 2051 4396 1.
2076 4359 2152 4409 15.
2174 4360 2221 4398 2.
2286 4349 2347 4396 G.
