3000 4979
887 325 1443 398 SERMONUM
1490 330 1646 397 Lus.
1689 331 1788 396 11.
1838 342 1900 399 8.

2431 348 2559 413 437

314 517 401 572 10
493 505 626 571 His
656 502 770 570 ubi
801 502 1085 584 sublatis,
1112 527 1283 590 puer
1310 504 1440 570 alte
1471 507 1719 573 cinctus
1749 530 2046 574 acernam

487 616 791 699 Gausapa
820 636 1149 700 purpureo
1178 637 1464 680 mensam
1496 619 1812 703 pertersit,
1848 631 1911 683 et
1940 618 2103 685 alter

487 724 779 813 Sublegit
810 725 1237 813 quodcunque
1272 728 1517 813 jaceret
1545 727 1794 807 inutile,
1827 730 2128 816 quodque

485 836 713 902 Posset
744 850 1068 901 coenantes
1096 836 1461 903 offendere:
1510 850 1584 902 ut
1614 838 1834 903 Attica
1862 839 2049 927 virgo

476 946 641 1010 Cum
673 947 869 1011 sacris
905 945 1184 1024 Cereris,
1216 947 1513 1031 procedit
1540 947 1756 1012 fuscus
1787 948 2140 1035 Hydaspes

305 1064 388 1121 15

482 1056 765 1121 Caecuba
792 1056 941 1121 vina
970 1056 1218 1135 ferens;
1267 1058 1503 1136 Alcon,
1537 1058 1781 1123 Chium
1814 1061 2007 1124 maris
2038 1083 2288 1145 expers.

479 1166 616 1230 Hic
645 1166 874 1243 herus;
920 1166 1272 1245 Albanum,
1308 1166 1663 1246 Maecenas,
1699 1170 1830 1234 sive
1866 1169 2210 1235 Falernum

476 1275 579 1340 Te
611 1277 817 1361 magis
846 1278 1155 1362 appositis
1187 1278 1499 1355 delectat3
1546 1280 1857 1344 habemus
1891 1293 2251 1367 utrumque.

476 1390 522 1461 ῚῘ
554 1386 832 1451 Divitias
861 1388 1158 1453 miseras!
1214 1390 1342 1469 Sed
1371 1391 1549 1475 queis
1580 1391 1980 1455 coenantibus
2014 1400 2162 1467 una,

478 1494 799 1575 Fundani,
830 1498 1103 1583 pulchre
1131 1498 1323 1563 fuerit
1354 1501 1488 1577 tibi,
1523 1522 1710 1564 nosse
1741 1500 1984 1564 laboro.

282 1614 384 1671 20
471 1612 515 1681 Ὶῐ
554 1607 855 1673 Summus
886 1632 1029 1696 eg0,
1065 1622 1127 1674 et
1154 1632 1357 1696 prope
1389 1634 1491 1675 me
1517 1611 1747 1676 Viscus
1779 1610 2133 1688 ThurinuS,
2163 1623 2232 1675 et
2261 1607 2445 1684 infra,

476 1715 544 1779 Si
576 1717 860 1795 memini,
893 1718 1165 1796 Varius;
1212 1742 1359 1784 cum
1396 1720 1667 1786 Servilio
1702 1720 2050 1786 Balatrone

475 1826 796 1915 Vibidius,
830 1851 990 1917 quos
1021 1828 1351 1894 Maecenas
1380 1831 1742 1896 adduxerat
1773 1832 2051 1896 umbras·

471 1937 919 2004 Nomentanus
950 1953 1089 2004 erat
1120 1963 1315 2025 super
1344 1942 1578 2025 ipsum,
1616 1941 1883 2006 Porcius
1913 1942 2099 2019 infra,
2183 1996 2188 2005 .

473 2047 814 2113 Ridiculus
843 2064 1009 2114 totas
1041 2052 1229 2115 simul
1263 2053 1611 2117 obsorbere
1645 2052 1992 2139 placentas-

280 2166 379 2224 25
472 2157 920 2225 Nomentanus
954 2161 1036 2225 ad
1069 2161 1216 2238 hoc,
1249 2162 1382 2249 qui,
1417 2163 1467 2226 si
1502 2163 1657 2249 quid
1690 2162 1857 2228 forte
1888 2163 2136 2236 lateret,

195 2359 258 2396 10
292 2346 389 2396 His
409 2359 463 2396 ut
485 2347 596 2397 δατ.
623 2351 733 2400 Can.
857 2363 921 2415 23
957 2369 1090 2416 supra
1114 2352 1159 2401 S.

1286 2367 1350 2412 24
1370 2354 1508 2402 semel
1528 2364 1570 2403 et.
1607 2352 1742 2403 simul
1784 2358 1852 2403 ln‘e
1891 2369 1932 2403 et
1972 2353 2222 2404 tantundem
2255 2354 2528 2402 auctoritatis

941 2420 1111 2477 habens,
1130 2432 1173 2467 et
1199 2420 1373 2467 eandem
1392 2422 1759 2485 significationem·

254 2580 324 2617 10
356 2570 469 2619 Alte
522 2577 701 2630 cinctus,
757 2587 849 2635 quo
901 2574 1150 2635 expeditior
1198 2586 1329 2623 esset.

189 2633 426 2696 Cruquius
462 2637 572 2698 legit
615 2639 730 2685 alter
771 2653 827 2684 ex
869 2637 1016 2686 tribus
1038 2638 1185 2686 MSS.
1206 2643 1328 2702 quod

185 2710 283 2746 non
302 2700 465 2759 probo.

252 2766 451 2812 Acernae
471 2784 624 2815 usensae
637 2769 789 2831 prima
820 2778 918 2832 post
958 2772 1140 2818 citrea·
1162 2771 1337 2834 gloria.-

186 2826 466 2878 Torrentius
485 2848 542 2880 ex
565 2832 729 2881 Plinio.

253 2907 320 2942 11
361 2896 588 2961 Gausape,
637 2912 798 2966 mappa
850 2905 1022 2957 villosa,
1072 2901 1143 2948 hit
1201 2902 1326 2946 Gan-

187 2971 338 3025 sapes.
393 2961 505 3009 Vet.
540 2962 690 3010 Scbol.
757 2966 798 3016 ss
827 2965 1030 3031 Cat-pet.
1116 2965 1324 3012 Nobilius

187 3027 357 3074 vitlem
376 3033 520 3089 legent
539 3029 621 3074 sibi
632 3043 837 3097 gausapa
860 3037 1029 3080 citrum·
1078 3029 1325 3076 Martialis.

188 3090 523 3153 Ususestipao
543 3109 733 3157 gausape
773 3113 855 3160 pro
895 3094 1119 3160 peniculo.
1201 3096 1325 3142 Pur-

180 3163 324 3216 pureo
338 3158 469 3201 tersit
487 3166 576 3206 tuns
597 3157 712 3209 latas
722 3173 919 3227 gausape
938 3177 1113 3208 mensas·

251 3230 320 3278 13
356 3219 509 3268 Attica
556 3225 699 3289 virgo,
748 3227 1009 3292 Χανηφῦςος,
1058 3239 1160 3287 quae
1195 3224 1324 3273 lento

179 3297 322 3343 passu
386 3288 665 3346 progreditur
686 3314 702 3344 ς
770 3290 1130 3346 Proverbialiter.
1193 3290 1324 3351 quale

171 3346 359 3414 'nemen
391 3348 598 3425 βαδίζειν.
631 3355 682 3403 Β.
764 3358 817 3405 In
855 3355 1115 3404 solennibus
1150 3355 1324 3416 pompis

178 3428 334 3461 sacras
381 3427 512 3464 cistas
545 3431 624 3467 aut
656 3421 846 3470 canistra
876 3423 1085 3469 ferebant
1117 3419 1324 3478 virgines.

179 3479 359 3540 κακον
402 3501 432 3527 ι.
453 3482 566 3531 Vid.
586 3485 656 3532 ad.
674 3487 769 3534 Ser.
793 3502 836 3536 1.
859 3501 905 3548 3.
924 3501 1001 3536 11.
1016 3496 1063 3534 et
1082 3485 1324 3548 spanhem.

177 3545 232 3591 sd
258 3545 351 3593 Cal
373 3546 453 3593 'm.
471 3563 518 3610 p.
539 3560 647 3609 731.
673 3568 738 3615 sq.
773 3556 837 3599 G.

241 3622 317 3668 14
343 3612 505 3659 Fuscus
528 3614 779 3681 Hydaspes,
799 3617 1003 3666 servulus
1024 3619 1177 3665 Indus.

190 3704 196 3710 -
241 3687 312 3735 15
350 3677 518 3725 Maris
538 3692 713 3744 expers,
745 3682 792 3731 h.
810 3700 850 3731 e.
882 3684 1138 3740 Fannium,
1168 3685 1218 3729 de
1242 3700 1324 3745 quo

181 3739 313 3787 Caso.
346 3741 594 3806 Cruquius.
627 3747 679 3794 B.
742 3749 925 3806 Acron,
961 3749 1044 3795 Cui
1079 3766 1193 3812 aqua
1226 3764 1324 3793 aa·

176 3808 283 3852 rina
316 3824 432 3855 usare
468 3810 622 3858 Graeeo
651 3831 731 3860 non
775 3829 839 3862 est
883 3816 1064 3880 αῇεᾶα.
1144 3812 1321 3859 Vinum

181 3870 356 3944 Graeeo
387 3872 453 3920 illi
487 3874 632 3923 simile
663 3893 816 3941 parare
838 3879 1003 3927 docent
1025 3896 1077 3927 ex
1100 3877 1208 3926 vino
1231 3878 1324 3924 lta-

178 3932 291 3993 hco‚
305 3938 455 3985 muria
471 3939 627 3997 afflata,
646 3943 766 3992 Cato
784 3957 862 4003 24.
876 3955 923 3991 et
943 3956 1054 4004 105.
1068 3945 1119 3992 it.
1141 3942 1326 3990 Colum.

181 4011 259 4050 12.
285 4013 367 4076 3.⁷·
436 4004 594 4053 Chium
632 4009 809 4067 vinum,
845 4009 919 4057 cui
959 4024 1089 4072 aquae
1124 4007 1330 4064 marinae,

176 4075 232 4112 ut
250 4064 370 4115 alus
385 4069 520 4129 solet,
538 4072 654 4120 nihil
670 4074 866 4123 affusum
893 4085 976 4121 est.
1006 4077 1071 4122 G.

182 4149 187 4154 ·
244 4127 315 4179 18
352 4134 564 4184 Divitias
594 4142 770 4187 miseras
792 4142 816 4186 Ι
836 4155 955 4203 qua.-
988 4138 1160 4187 seilicet
1191 4137 1327 4184 mise-

175 4208 285 4242 rum
318 4195 545 4249 habebant
578 4204 853 4253 Dominum.
909 4204 1019 4265 Quis
1053 4203 1184 4269 serat
1216 4206 1323 4250 istas

175 4259 413 4310 Lumm'ae
475 4269 613 4316 sordes
633 4268 660 4314 t
712 4269 981 4336 *Juvenalis
1028 4282 1073 4317 1.
1120 4280 1232 4326 140.
1273 4266 1326 4313 Β.

178 4323 318 4373 Nihil
363 4327 601 4381 hactenus·
630 4336 861 4384 sordidum
920 4336 1055 4382 video
1107 4333 1335 4395 equidem.

179 4389 396 4444 Misere.
436 4398 638 4458 divitiae,
681 4415 786 4464 quae
838 4401 901 4451 sic
964 4398 1192 4450 solicitum
1250 4396 1334 4446 ha-

1390 2574 1503 2621 bent
1541 2576 1797 2635 dominum,
1836 2592 1971 2639 quem
2017 2573 2144 2636 copia
2187 2570 2414 2620 incertum
2458 2572 2530 2619 fa·

1394 2640 1496 2687 ciat.
1532 2642 1594 2688 G.

1459 2717 1521 2766 19
1554 2707 1805 2754 fundanius
1829 2708 1968 2753 Poeta
1991 2715 2088 2751 erat
2110 2701 2294 2762 insignis
2334 2713 2381 2749 et
2420 2702 2529 2750 Ho-

1390 2771 1509 2816 ratio
1523 2770 1769 2819 familiaris.
1801 2772 1856 2818 B.
1924 2770 2029 2817 Tibi
2066 2783 2192 2815 more
2234 2770 2319 2814 Gr.
2354 2768 2530 2828 regitur

1387 2834 1441 2880 ab
1470 2853 1572 2891 msa,
1596 2835 1696 2896 ἅμα
1720 2854 1801 2892 eos,
1818 2853 1904 2881 una
1926 2848 2077 2882 tecm.
2111 2835 2176 2880 Z.

1454 2901 1646 2956 Laboro,
1665 2901 1951 2962 impatienter
1972 2899 2124 2961 cupio,
2144 2897 2301 2956 gestio.

1454 2977 1516 3012 22
1555 2966 1733 3012 Umbra
1748 2965 1938 3027 joculari
1960 2964 2145 3011 nomine
2160 2963 2374 3009 dicuntur
2396 2976 2420 3007 a
2441 2977 2525 3007 vo·

1390 3030 1499 3076 catis
1526 3031 1579 3076 ad
1604 3045 1774 3076 emnam
1804 3045 1892 3076 una
1911 3028 2111 3076 adducti.
2141 3027 2195 3073 Β.
2227 3029 2351 3073 Puto
2371 3038 2524 3073 autem

1390 3093 1667 3142 Maecenatis
1699 3095 1879 3141 umbras
1898 3093 2034 3141 fuisse
2061 3091 2342 3139 Balatronem
2366 3103 2413 3138 et
2436 3092 2528 3137 vi-

1388 3159 1582 3216 bidium,
1599 3161 1679 3221 qui
1701 3176 1804 3208 cum
1825 3160 1904 3206 illo
1925 3159 2125 3205 medium
2148 3155 2332 3202 triclinii
2352 3154 2523 3203 lectum

1388 3226 1665 3287 occuparint.
1728 3227 2071 3272 Nomentanum
2107 3234 2153 3268 et
2189 3220 2399 3267 Porcium
2435 3221 2523 3268 sibi

1389 3290 1517 3351 quasi
1561 3291 1906 3346 subservituros‚·
1950 3301 1996 3335 et
2039 3287 2262 3350 adjutores
2307 3286 2526 3348 quosdam

1389 3355 1470 3402 sibi
1513 3356 1783 3402 Nasidienus
1836 3351 2093 3400 assumsisse
2142 3351 2345 3399 videtur:
2389 3351 2530 3397 inter-

1389 3436 1502 3482 quos
1523 3420 1749 3467 accumbit
1789 3422 1895 3483 ipse,
1931 3418 2087 3476 abde,
2119 3414 2456 3465 Paterfamilias
2478 3432 2526 3463 v.

1389 3497 1466 3544 23.
1552 3486 1763 3532 Vibidius
1806 3498 1853 3533 et
1898 3485 2079 3532 Balatro
2140 3481 2326 3529 liberius
2367 3481 2521 3528 omnia

1387 3563 1541 3611 agunt.
1634 3553 1954 3598 Nomentanus
1986 3550 2146 3596 deinde
2180 3547 2353 3593 solatur
2386 3546 2525 3594 Nasi-

1388 3617 1572 3663 dienum
1593 3632 1606 3662 t
1640 3617 1732 3678 ipse
1756 3628 1801 3662 et
1825 3615 2009 3662 Porcius
2030 3612 2232 3661 conviva:
2255 3611 2332 3656 imi
2356 3609 2463 3658 lecti
2479 3627 2526 3659 v.

1386 3693 1467 3739 4ο.
1534 3681 1793 3729 Fundanius
1816 3695 1919 3726 cum
1943 3680 2086 3725 visco
2120 3688 2166 3723 et
2204 3675 2348 3722 Vario
2369 3677 2518 3737 primi.

1389 3748 1451 3792 G.
1518 3746 1726 3805 Figuram
1765 3743 1949 3791 triclinii
1981 3742 2074 3790 vid.
2101 3742 2243 3788 Gesn.
2264 3739 2404 3788 Thes.
2423 3757 2526 3791 vot..

1387 3811 1620 3859 Triclinii.
1652 3812 1719 3858 Z.

1454 3889 1519 3934 24
1553 3874 1772 3923 Meliores
1795 3873 1991 3923 Oodices
2025 3889 2109 3936 pro
2145 3871 2370 3920 absorbere
2401 3872 2525 3933 lege·

1390 3953 1498 3989 runt
1541 3941 1772 3998 obsorbere,
1811 3941 1932 4003 quod
1985 3950 2035 3985 et
2091 3937 2297 3999 cruquio
2340 3937 2526 3999 placuit.

1390 4006 1628 4054 Bentleius
1648 4017 1794 4053 servat
1814 4003 2054 4062 absorbere,
2081 4004 2203 4065 quod
2224 4001 2410 4050 fortasse
2435 4003 2526 4051 alio

1390 4082 1595 4133 tempore
1615 4087 1707 4118 non
1727 4070 1910 4118 faceret.
1943 4071 1996 4116 B.
2058 4069 2289 4116 Ridiculus
2325 4069 2409 4116 obs.
2445 4068 2526 4130 qui

1392 4135 1582 4183 ridicule
1604 4136 1883 4184 obsorbebat.
1912 4136 1977 4182 Z.

1458 4213 1518 4260 25
1557 4202 1636 4247 Ad
1651 4201 1741 4260 boe,
1774 4199 1932 4263 supple
1953 4199 2178 4246 ridiculus.
2210 4197 2265 4244 B.
2318 4198 2528 4258 Intelligo

1389 4276 1507 4322 eras,
1519 4265 1792 4325 fungebatur
1806 4265 1896 4313 hoe
1913 4264 2079 4318 officio,
2093 4276 2164 4322 ut,
2183 4263 2219 4310 si
2235 4268 2338 4325 qut
2357 4263 2530 4311 deliciae

1398 4331 1636 4379 latuissent
1656 4330 1970 4384 Nasidienunn
1989 4330 2028 4376 is
2047 4331 2388 4377 demonstraret.
2420 4330 2484 4376 Z.

1464 4396 1623 4460 Siquid
1649 4398 1847 4454 latera,-
1908 4406 2003 4444 erat
2059 4393 2166 4443 huic
2224 4409 2329 4444 usus
2372 4394 2533 4442 edendi

1400 4477 1640 4518 maximus.
