3000 4979
433 319 566 380 222

1131 306 1217 387 Q.
1267 309 1694 377 HORATII
1758 310 2102 381 FLACCI

693 482 832 561 Qui
864 502 1037 549 nunc
1071 484 1376 571 Sulpiciis
1406 487 1679 553 accubat
1706 489 1976 569 horreis,

705 597 866 683 Spes
896 594 1137 661 donare
1166 619 1362 663 novas
1390 597 1632 686 larguS,
1665 622 2007 688 amaraque

533 716 619 776 ‘20

971 707 1291 775 Curatum
1322 709 1536 776 eluere
1564 710 1830 789 efficax3

707 818 818 886 Ad
848 841 992 906 quae
1022 820 1074 883 si
1102 842 1411 906 properas
1439 823 1696 909 gaudia,
1729 845 1875 888 cum
1909 837 2019 890 tua

708 931 919 997 Velox
943 954 1151 998 merce
1180 933 1366 998 veni:
1412 955 1546 998 non
1574 956 1699 1021 ego
1729 946 1791 999 te
1820 935 1979 998 meis

705 1043 1066 1110 Immunem
1099 1043 1375 1108 meditor
1406 1043 1699 1131 tinguere
1727 1044 1995 1129 pocuIiS,

962 1154 1163 1221 Plena
1207 1154 1383 1220 dives
1416 1166 1487 1219 ut
1515 1154 1581 1219 in
1613 1154 1831 1219 domo,

531 1270 614 1327 25
703 1260 946 1329 Verum
975 1285 1146 1350 pone
1176 1284 1405 1340 moras,
1438 1276 1505 1327 et
1534 1262 1813 1327 studium
1842 1262 2005 1328 lucri
2029 1285 2049 1339 3

709 1372 1186 1461 Nigrorumque
1220 1394 1485 1449 memor,
1515 1371 1669 1437 dum
1699 1372 1868 1450 licet,
1901 1371 2171 1461 ignium,

709 1482 921 1550 Misce
946 1483 1278 1550 stultitiam
1309 1482 1588 1549 consiliis
1617 1482 1909 1548 brevem:

952 1577 1180 1663 ⁴Dulce
1200 1608 1307 1661 'est
1338 1593 1625 1680 desipere
1654 1594 1722 1659 in
1752 1594 1915 1660 loco.

1013 1785 1074 1836 18
1108 1785 1295 1835 accubat
1316 1804 1449 1834 onnes
1469 1788 1652 1846 omnino,
1668 1787 1801 1834 etiam
1826 1786 1885 1833 G.
1904 1798 1945 1832 et
1967 1784 2060 1833 coll.
2096 1781 2204 1831 Sax-

441 1949 595 1998 locum
617 1950 725 2000 satis
747 1962 831 2011 est,
857 1952 1029 2018 onycha
1052 1968 1147 2000 esse
1178 1967 1423 2012 gemmam,
1450 1967 1574 1999 mar-

446 2028 563 2075 mor,
584 2016 813 2064 vasculum
837 2018 1083 2077 unguenti;
1119 2032 1285 2064 nomen
1310 2032 1334 2064 a
1357 2016 1509 2065 colore
1526 2028 1575 2064 et

439 2079 580 2128 livore
619 2082 785 2142 unguis
818 2082 1033 2142 humani3
1065 2084 1314 2131 mun-rheam
1348 2082 1574 2145 Propertii

443 2145 677 2209 epitheton
694 2146 857 2195 coloris
875 2146 990 2194 flavi.
1024 2150 1087 2194 G.

507 2211 668 2258 Elia-iet
702 2215 869 2271 cadum,
910 2211 1068 2260 festiva
1106 2210 1286 2272 Dilogia
1330 2226 1439 2260 usus
1477 2222 1570 2259 estz

442 2290 547 2324 nam
580 2288 628 2324 et
658 2276 903 2325 eliciuntur
923 2292 949 2323 a
971 2276 1127 2337 Magis
1159 2275 1443 2338 sepultorum
1476 2276 1576 2323 ani-

444 2356 548 2395 mae,
567 2352 613 2389 et
636 2340 853 2402 significat
874 2359 920 2390 se
941 2341 1078 2389 etiam
1104 2358 1159 2389 ex
1183 2340 1439 2390 imitatione
1462 2341 1576 2388 Vir·

442 2404 539 2466 gilii
560 2406 648 2453 ‘am
671 2422 857 2470 parcum
879 2420 926 2455 et
947 2418 1151 2454 tenacem
1172 2406 1285 2453 fieri.

508 2483 534 2519 1
607 2472 827 2537 Hffieque
860 2476 988 2522 etiam
1030 2471 1182 2520 Galba
1209 2472 1370 2520 horrea
1404 2473 1512 2519 vino
1532 2481 1574 2520 et

441 2536 527 2584 eleo
567 2538 857 2603 similibusque
899 2538 1021 2587 rebus
1064 2539 1228 2601 referta
1270 2545 1385 2585 sunt.
1461 2538 1575 2585 vet.

442 2601 596 2650 Schol.
642 2603 697 2651 B.
759 2606 957 2667 Sulpicia
994 2605 1151 2651 horrea
1195 2602 1459 2661 dicebantur,
1504 2603 1576 2649 ube·

440 2683 552 2715 nunc
587 2668 756 2717 Galba·
819 2671 993 2716 Acron.
1059 2670 1262 2716 Fuerunt
1312 2682 1419 2727 ergo
1467 2683 1575 2729 apo-

436 2730 604 2843 ¹t’laxecae,
622 2733 700 2780 ubi
715 2733 837 2792 vina,
856 2734 1009 2782 oleum
1027 2745 1074 2781 et
1090 2732 1176 2780 alia
1196 2732 1369 2779 venalia
1389 2743 1568 2794 prosta-

493 2809 560 2845 nt.
604 2798 669 2845 Z.

446 2893 451 2898 -
508 2861 685 2924 Optimi
718 2861 937 2911 Torrenti
973 2862 1121 2910 MSS.
1156 2862 1269 2909 bene
1299 2862 1469 2912 occubat
1503 2862 1572 2910 le-

440 2938 606 2988 gerunt
642 2942 723 2989 pro
759 2929 962 2975 accubat.-
997 2925 1214 2987 significat
1248 2927 1370 2973 enim
1409 2928 1571 2975 cadum

438 2992 579 3040 istum
618 2992 698 3042 diu
734 2992 961 3056 sepultum
987 2990 1199 3055 jacuisse,
1226 3001 1273 3039 et
1304 3007 1430 3054 paene
1451 2993 1568 3041 obli·

440 3056 568 3104 vioni
589 3058 826 3115 traditum,
845 3058 904 3107 ob
926 3068 1213 3105 vetustatem.
1247 3057 1297 3102 B.
1363 3057 1570 3105 Torren-

437 3121 532 3172 rius
550 3122 646 3185 ipse
666 3139 759 3171 non
779 3123 939 3171 habuit
959 3123 1091 3169 fidem
1115 3121 1207 3170 suis
1228 3121 1455 3168 codicibus
1474 3139 1487 3170 ε
1520 3123 1569 3170 in

441 3189 603 3235 horreis
636 3188 749 3236 nihil
767 3188 937 3237 occubat
959 3188 989 3236 i.
1009 3206 1049 3236 e.
1085 3185 1235 3251 perit:
1273 3188 1349 3234 sed
1370 3190 1467 3236 cadi
1485 3188 1570 3236 sibi

436 3251 631 3304 invicem
653 3253 871 3303 accubant.
902 3254 964 3302 G.

509 3330 570 3379 19
603 3319 702 3368 Lar
757 3338 794 3376 s,
831 3320 953 3382 quod
989 3318 1147 3367 vinum
1180 3331 1446 3378 generosum
1483 3329 1571 3376 est,

438 3383 622 3445 largiter
641 3400 694 3431 ex
731 3384 859 3432 ‘larat
880 3383 1104 3441 animum,
1122 3397 1169 3432 et
1190 3397 1314 3443 spem
1326 3381 1478 3431 latam
1496 3383 1569 3430 af·

439 3448 550 3506 fert,
570 3449 816 3512 eximitque
839 3464 965 3495 curas
987 3464 1174 3496 amaras.
1209 3447 1258 3494 Z

505 3527 566 3568 αι
603 3512 654 3562 Su·
679 3526 924 3580 properas,-
958 3512 1156 3576 significa
1216 3516 1340 3565 enim
1373 3512 1487 3561 velle
1522 3527 1569 3560 se

438 3594 546 3630 cum
568 3594 817 3643 properare.

510 3644 619 3691 Can
660 3655 737 3692 tua
777 3663 941 3700 neme
997 3654 1053 3692 ut
1094 3657 1392 3695 mercatorem
1434 3643 1568 3692 ridet.

439 3707 566 3763 Bene
589 3709 728 3770 igitur
748 3711 861 3760 Vct.
894 3708 1044 3757 Schol.
1063 3710 1189 3772 quasi
1210 3710 1424 3760 Titulum
1445 3709 1568 3756 fece-

433 3783 524 3831 rat,
553 3774 635 3822 Aa
650 3775 894 3839 Virgilium
927 3794 979 3823 ne
1005 3777 1240 3823 otiatur-eu.
1289 3776 1428 3825 Unde
1450 3790 1568 3821 non-

426 3837 553 3888 nulli
586 3839 726 3904 (inter
757 3855 872 3903 quos
893 3794 1061 3890 nolssm
1081 3839 1404 3902 Torrentium)
1426 3838 1568 3888 alium

434 3903 588 3951 nescio
629 3919 765 3966 quem
799 3904 1042 3966 Virgilium
1088 3906 1434 3968 unguentarium
1470 3904 1564 3951 sive

435 3967 716 4032 myropolam
755 3971 1105 4022 somniaverunt.
1156 3971 1213 4020 B.
1278 3970 1391 4021 Vid.
1425 3971 1482 4019 ad
1519 3985 1565 4018 v.

434 4045 511 4096 1⁵·
532 4044 579 4085 et
601 4045 678 4096 25·
708 4036 772 4085 G·

1704 1963 1765 2011 23
1800 1952 2010 1999 Inmunis
2053 1948 2218 1997 dicitur
2259 1949 2381 2011 quod
2422 1946 2676 2011 ἅτῦμβολός
2717 1950 2774 1997 ad

1639 2016 1896 2065 convivium
1919 2016 2062 2074 veuit,
2080 2026 2133 2063 ut
2154 2014 2285 2061 docte
2305 2014 2535 2061 Erasmus.

1704 2081 1828 2128 Salse
1850 2092 1896 2128 et
1921 2082 2092 2128 urbane
2113 2078 2229 2127 dixit
2248 2096 2329 2126 non
2359 2097 2435 2143 ego
2454 2081 2633 2127 ..adim
2650 2099 2668 2127 .·
2703 2090 2771 2126 est

1640 2147 1760 2193 enim
1786 2146 2015 2193 Ironicum
2037 2156 2084 2192 et
2105 2143 2283 2191 Morale
2302 2159 2516 2192 scomma.

1708 2210 1934 2274 Tinigene,
1950 2210 2110 2259 festive
2138 2209 2356 2270 significat
2375 2209 2621 2270 Virgilium
2644 2210 2773 2256 dam-

1638 2291 1747 2324 nose
1783 2275 2058 2324 bibiturum:
2099 2290 2192 2323 uon
2230 2273 2352 2321 enim
2393 2277 2651 2340 tinguat-r
2685 2274 2772 2321 nisi

1639 2343 1756 2389 bene
1778 2341 1961 2388 madidi.

1705 2419 1770 2465 24
1803 2407 1945 2454 Plena
1966 2407 2085 2454 dives
2105 2425 2122 2460 ,-
2156 2403 2376 2465 signifieat
2395 2419 2500 2452 eum
2522 2404 2643 2466 large
2665 2404 2774 2453 soli·

1636 2484 1736 2522 tum
1758 2471 1907 2520 bibere
1931 2473 2048 2535 apud
2070 2472 2270 2547 Juvenes
2290 2469 2514 2519 Nerones.

1703 2550 1763 2598 25
1800 2539 1970 2586 Morus
2006 2537 2120 2583 dixit
2141 2535 2319 2597 negotia
2341 2550 2444 2597 quae
2473 2549 2581 2583 eum
2619 2550 2776 2584 mora-

1637 2605 1816 2651 bantur.
1849 2603 1905 2650 Β.
1972 2603 2059 2649 Sed
2097 2602 2217 2665 quod
2251 2600 2376 2647 addit
2407 2601 2599 2647 andium
2641 2602 2776 2661 lucri,

1639 2680 1937 2716 mercatorem
1958 2679 2109 2731 aperte
2129 2666 2292 2728 signat,
2310 2679 2404 2713 non
2422 2679 2601 2713 sacrum
2621 2679 2772 2716 vatem

1633 2732 1897 2793 Virgilium.
1930 2734 1995 2781 G.

1700 2795 1764 2846 26
1797 2799 1970 2862 Nigrus
1993 2799 2128 2862 ignes,
2146 2795 2372 2857 eleganter
2406 2796 2654 2843 exstinctas
2674 2794 2776 2858 rogi

1633 2862 1808 2911 favillas
1843 2862 2055 2925 appellat,
2079 2861 2280 2924 Dilogue
2309 2860 2448 2911 etiam
2478 2860 2774 2909 monumenti

1636 2928 1857 2976 tenebras.

1698 2994 1820 3040 Duru
1839 2994 1938 3041 lieet
1951 2994 2090 3043 nisce.

1696 3070 1758 3117 27
1794 3058 2040 3106 Stultitia„
2077 3057 2193 3107 dixit
2222 3073 2327 3121 quae
2356 3057 2513 3106 sobriis
2543 3066 2592 3104 et
2622 3056 2773 3122 parcis

1632 3123 1827 3171 videtur.
1891 3124 1966 3171 Sic
1988 3136 2034 3172 et
2061 3123 2311 3172 Laudinus.

1703 3189 1893 3236 Consilia
1925 3189 2035 3236 dicit
2065 3201 2369 3238 mercatorum
2402 3189 2459 3235 de
2488 3186 2693 3250 augenda
2718 3202 2771 3234 re

1630 3253 1840 3301 familiari
1863 3254 2032 3313 sagacia
2055 3254 2216 3301 studia.
2325 3256 2342 3274 ''

1695 3316 1758 3368 28
1793 3317 1936 3366 Dulce
1965 3328 2027 3366 ese
2043 3339 2060 3373 .-
2095 3316 2418 3367 Auacreontici
2441 3332 2598 3366 versus
2618 3317 2773 3365 Paro-

1630 3383 1705 3431 dia
1727 3394 1818 3432 est:
1861 3382 2012 3441 eia»,
2040 3380 2174 3431 Θίλυ
2192 3383 2396 3444 μιῆναι.
2456 3384 2544 3430 Sed
2560 3383 2775 3430 modera-

1632 3459 1710 3496 tur
1730 3449 1920 3497 dicendo
1942 3449 2127 3514 desipere
2149 3464 2231 3511 pro
2250 3464 2307 3495 eo
2326 3449 2450 3511 quod
2471 3459 2567 3495 erat
2584 3447 2773 3513 furere,

1631 3525 1679 3560 et
1715 3515 1761 3560 {n
1791 3515 1894 3571 loco,
1928 3513 1974 3561 h.
2009 3529 2049 3561 e.
2093 3516 2338 3578 aliquando,
2387 3512 2555 3562 idoneo
2590 3512 2771 3562 educet

1632 3588 1870 3641 tempor-03
1900 3594 2007 3626 nam
2042 3580 2153 3627 locus
2177 3580 2315 3626 etiam
2346 3578 2402 3626 de
2437 3589 2644 3641 tempore
2675 3577 2771 3626 dici

1631 3642 1746 3691 solet
1768 3655 2038 3707 opportuno,
2101 3645 2224 3691 Bene
2246 3643 2381 3692 etiam
2405 3644 2575 3692 Dulce.-
2612 3643 2772 3691 Na·-

1630 3727 1710 3772 que
1750 3711 1999 3774 voluptates
2038 3712 2292 3757 coa-urendae
2331 3712 2480 3756 rarior
2529 3726 2647 3757 nm.
2714 3708 2772 3756 B.

1632 3774 1844 3838 Desipere
1884 3775 2096 3822 videntur
2127 3774 2269 3821 avaris
2299 3774 2504 3821 homines
2532 3773 2774 3821 lautiores.

1634 3839 1722 3885 Sed
1745 3839 1968 3888 Horatius
2007 3851 2162 3888 monet
2183 3839 2383 3886 amicum
2416 3853 2550 3886 suum
2580 3837 2680 3886 fere
2713 3854 2771 3887 ea

1626 3905 1822 4017 rGatione,
1856 3916 1910 3955 ut
1939 3904 2016 3953 ille
2047 3906 2285 3954 Lenonem
2317 3905 2430 3953 Ter.
2461 3904 2558 3954 Ad.
2577 3915 2627 3955 2.
2647 3915 2697 3954 2.
2719 3900 2769 3953 8.
