3000 4979
760 320 822 394 J.
871 327 969 394 M.
1020 329 1437 397 GESNERI
1489 316 2029 400 PRAEFATm.
2481 343 2552 412 ii:

253 503 887 606 emendationibus
939 520 1012 595 h.
1050 546 1119 595 e.
1170 508 1764 620 corruptionibus
1796 521 2006 597 illum
2041 535 2312 617 tuerer,
2365 540 2445 603 et
2477 530 2551 609 in

251 669 517 730 statum
558 648 767 725 velut
799 672 1013 722 suum
1051 672 1473 723 assererem.

351 778 523 863 Quo
577 774 824 872 plures
874 770 1191 846 lectores
1224 783 1304 847 et
1339 772 1703 847 studiosos
1737 773 1997 850 habuit
2032 776 2415 870 Horatius,
2465 804 2557 857 eo

250 900 491 1000 plures
524 896 634 970 illi
668 897 893 971 etiam
927 920 1187 971 manus
1221 896 1619 972 admovere
1667 899 2114 974 emendandi
2147 925 2404 977 caussa
2437 928 2561 978 co-

256 1026 405 1098 nati
466 1033 668 1110 sunt,
722 1043 873 1093 non
931 1044 1150 1118 aequo
1203 1044 1578 1111 successu,
1631 1019 1962 1095 dissimili
2021 1023 2369 1100 nimirum
2414 1029 2555 1128 ipsi

253 1147 555 1245 ingenio
610 1144 1122 1241 doctrinaque.
1233 1144 1611 1243 Ingeniosi
1648 1157 1725 1220 et
1761 1145 2027 1221 eruditi
2065 1146 2201 1222 viri
2241 1149 2379 1223 sibi
2411 1150 2564 1250 pla-

258 1281 599 1359 cuerunt,
650 1269 707 1342 si
773 1268 954 1368 quid
1006 1267 1437 1368 exsculpere
1487 1280 1790 1368 possent
1837 1268 2205 1369 elegantia
2241 1270 2565 1367 Horatii,

255 1406 337 1468 ut
394 1391 534 1492 ipsi
594 1392 1163 1481 arbitrabantur,
1239 1391 1584 1490 dignius:
1660 1392 1791 1468 sed
1845 1393 2166 1491 primum
2222 1394 2405 1471 illud
2457 1399 2565 1497 ip'-

256 1544 413 1593 sum
454 1518 859 1623 judicium,
939 1517 1145 1607 Quid
1204 1517 1298 1592 sit
1354 1518 1433 1592 in
1496 1519 1853 1617 scriptore
1907 1544 2137 1619 prope
2188 1521 2304 1596 bis
2362 1524 2566 1600 mille

265 1668 617 1717 annorum
682 1640 1144 1739 elegantius?
1225 1639 1523 1714 difficile
1584 1652 1697 1714 est
1757 1652 1834 1747 et
1891 1641 1997 1715 ita
2056 1643 2303 1717 multis
2372 1671 2568 1746 saepe

275 1768 664 1840 rationibus
728 1764 1180 1854 involutum,
1262 1776 1348 1838 ut
1417 1764 1682 1839 merito
1749 1763 1896 1838 hoc
1948 1765 2266 1841 maxime
2317 1767 2391 1840 in
2443 1793 2572 1866 ge..

271 1915 438 1964 nere
465 1915 611 1988 quo
638 1890 804 1989 quis
831 1902 942 1964 est
969 1888 1287 1978 doctior,
1312 1899 1523 1963 tanto
1554 1886 1843 1985 majoris
1870 1886 2254 1962 modestiae
2281 1913 2571 1966 caussas

263 2013 555 2087 habeat.

355 2139 464 2212 Et
498 2140 558 2210 si
597 2138 857 2212 demus
891 2136 1063 2209 viris
1098 2134 1367 2224 doctis,
1406 2133 1644 2231 (quod
1681 2157 1852 2207 cum
1887 2133 2284 2207 universim
2319 2138 2575 2234 negari

258 2276 567 2359 propter
610 2261 957 2334 humanae
998 2272 1283 2332 naturae
1320 2271 1399 2333 et
1432 2258 1537 2331 rei
1590 2257 1817 2355 ipsius
1870 2257 2373 2332 conditionem
2425 2283 2578 2333 non

262 2386 524 2482 possit,
561 2396 807 2458 tamen
845 2384 923 2456 in
957 2383 1100 2457 hoc
1138 2382 1254 2456 vel
1289 2381 1417 2455 illo
1449 2381 1619 2455 loco
1654 2393 1954 2479 propter
1991 2404 2319 2454 caussam
2355 2382 2579 2457 modo

259 2510 675 2584 indicatam
738 2508 1050 2582 concedi
1086 2508 1212 2580 vix
1259 2533 1349 2580 ac
1397 2532 1492 2580 ne
1529 2505 1656 2580 vix
1693 2505 1994 2602 quidem
2046 2508 2328 2604 potest)
2384 2507 2581 2606 ipsos

264 2625 557 2733 aliquid
587 2633 953 2706 invenisse
980 2644 1292 2728 accepta
1324 2629 1649 2703 lectione
1684 2628 1972 2718 melius,
2008 2628 2428 2728 pulchrius3
2483 2656 2581 2705 an

265 2758 449 2831 ideo
511 2755 701 2829 illud
752 2756 999 2854 potius
1048 2754 1423 2852 scripsisse
1462 2752 1890 2842 Horatium,
1943 2751 2366 2828 confectum
2420 2754 2582 2830 est?

270 2880 633 2955 Licuitne
669 2878 1094 2967 dormitare,
1144 2876 1554 2952 halucinari
1592 2876 1815 2951 etiam
1856 2874 2219 2949 Horatio?

379 3004 590 3091 Quid
641 3003 1012 3106 scripserit
1046 3002 1387 3092 Flaccus,
1439 3026 1528 3076 ea
1562 3000 1873 3099 quaestio
1918 3000 2263 3074 historica
2297 3011 2452 3074 est:
2507 3002 2587 3076 in

281 3152 377 3201 ea
414 3128 744 3217 testibus,
793 3126 869 3199 h.
909 3151 975 3200 e.
1027 3127 1232 3200 libris
1263 3127 1613 3223 antiquiS,
1669 3124 2300 3198 consentientibus
2333 3125 2591 3222 praeci·

273 3274 471 3350 pue,
508 3251 987 3342 credendum,
1023 3252 1376 3350 quamdiu
1414 3251 1554 3347 ipsi
1593 3248 1726 3322 sibi
1761 3247 1982 3320 fidem
2021 3270 2166 3318 non
2204 3246 2592 3343 abrogant,

273 3375 642 3472 quamdiu
676 3399 826 3450 non
865 3374 1128 3448 dicunt
1162 3387 1414 3472 aperte
1451 3372 1960 3471 repugnantia.
2068 3368 2213 3443 Sed
2247 3368 2592 3443 videntur

274 3502 661 3576 interdum
717 3523 1160 3602 repugnare,
1211 3523 1400 3598 quse,
1459 3499 1996 3595 circumspecta
2029 3495 2168 3568 rite
2205 3492 2406 3567 omni
2459 3494 2596 3567 cir..

279 3628 765 3716 cumstantia,
840 3629 916 3699 in
980 3624 1455 3701 concordiam
1516 3635 1825 3722 possunt
1882 3619 2118 3716 redigi
2182 3642 2301 3707 ec,
2372 3629 2457 3691 ut
2515 3620 2595 3693 in

276 3756 616 3845 musiciS,
655 3754 1209 3853 jucundiorem,
1261 3750 1464 3851 quod
1515 3750 1792 3824 habent
1841 3744 2117 3845 aliquid
2149 3768 2425 3842 pugnae
2474 3743 2601 3818 ad.

280 3884 619 3957 mistum.
727 3880 897 3955 Tali
960 3898 1209 3981 όεύμωρα
1261 3873 1849 3953 non'observata
1901 3871 2137 3946 fraudi
2192 3870 2397 3945 fuere
2448 3894 2603 3944 non

282 4033 677 4110 nunquam
741 4008 1082 4084 Bentleio
1142 4008 1239 4081 V.
1280 4006 1369 4080 C.
1433 4004 1665 4077 Serm.
1722 4014 1792 4074 2.
1848 4012 1916 4073 5.
1957 4007 2079 4078 79.
2136 4009 2212 4071 et
2255 4009 2420 4070 103.
2527 3996 2603 4076 Si

283 4138 479 4236 quid
536 4149 791 4213 autem
850 4136 945 4210 sit
1012 4135 1263 4224 etiam,
1332 4130 1530 4231 quod
1583 4156 1628 4203 a
1676 4126 1936 4202 vitiosa
1990 4124 2475 4224 repugnantia
2526 4122 2610 4196 li-

283 4262 547 4337 berare
585 4285 741 4336 non
777 4261 1077 4360 possim,
1131 4283 1283 4334 non
1335 4256 1507 4331 ideo
1560 4279 1770 4329 urere
1810 4264 1886 4328 et
1921 4273 2169 4328 secare
2205 4247 2408 4339 licet,
2460 4267 2610 4326 non
