3000 4979
918 313 1483 411 SERMONUM
1532 313 1684 381 Lm.
1734 315 1828 382 11.
1874 326 1938 383 3.

2464 330 2595 401 391

505 492 732 561 Errori
766 489 1042 556 similem
1074 505 1375 556 cunctum
1409 491 1697 557 insanire
1728 492 1999 559 docebo,
2043 547 2068 581 .-

503 606 754 674 Insanit
783 621 1032 669 veteres
1064 617 1306 669 statuas
1341 604 1782 693 Damasippus
1814 605 2121 671 emendo:

326 723 414 787 65
508 719 773 807 Integer
804 730 902 781 est
932 717 1161 780 mentis
1195 716 1580 802 Damasippi
1613 714 2125 809 creditor?-esto
2143 739 2163 792 ;

506 834 755 918 Accipe
787 830 962 919 quod
994 852 1324 917 nunquam
1355 830 1588 895 reddas
1617 830 1797 910 mihi,
1846 832 1897 895 si
1928 830 2048 894 tibi
2078 830 2310 908 dicam,

506 946 700 1012 Tune
731 946 993 1009 insanus
1021 944 1168 1021 eris,
1217 944 1270 1008 si
1303 943 1676 1030 acceperis?
1721 968 1804 1009 an
1835 945 2036 1033 magis
2067 966 2311 1023 excors,

510 1061 781 1148 Rejecta
811 1058 1057 1145 praeda,
1091 1081 1281 1146 quam
1313 1081 1599 1145 praescns
1634 1058 2001 1124 Mercurius
2031 1057 2198 1123 fert?

515 1174 739 1241 Scribe
768 1173 993 1238 decem
1025 1196 1064 1237 a
1095 1172 1337 1238 Nerio:
1386 1196 1515 1236 non
1552 1189 1652 1238 est
1679 1173 1831 1238 satis
1849 1196 1867 1249 3
1914 1172 2080 1237 adde
2113 1172 2361 1237 Cicutae

334 1292 424 1356 ’.Ὃ
513 1283 765 1349 Nodosi
803 1283 1054 1349 tabulas
1086 1299 1364 1363 centurn,
1398 1285 1575 1349 mille
1605 1284 1771 1349 adde
1802 1299 2091 1350 catenas:

511 1397 797 1487 Effugiet
819 1412 1035 1464 tamen
1067 1399 1208 1464 haec
1238 1398 1582 1465 sceleratus
1611 1399 1868 1463 vincula
1903 1400 2192 1465 Proteus.

515 1512 685 1576 Cum
719 1513 929 1598 rapies
959 1513 1026 1575 in
1047 1513 1154 1599 jus
1186 1512 1368 1577 malis
1399 1511 1716 1576 ridentem
1747 1512 1991 1588 alieniS,

514 1623 657 1691 Fiet
689 1647 866 1712 aper,
897 1625 1094 1691 modo
1118 1627 1271 1704 aviS‚
1308 1626 1502 1691 modo
1536 1648 1785 1703 saxum,
1815 1638 1901 1702 et,
1935 1647 2082 1689 cum
2114 1622 2303 1701 volet,
2336 1622 2548 1697 arbor.

521 1737 591 1803 Si
626 1740 792 1804 male
818 1761 949 1803 rem
980 1761 1206 1827 gerere
1237 1739 1447 1803 insani
1479 1752 1612 1816 est;
1660 1750 1887 1803 contra
1917 1737 2102 1814 bene,
2151 1735 2328 1811 sani3

245 1908 313 1958 72
336 1895 499 1960 injura
519 1898 678 1947 MSS.
692 1910 769 1965 ap.
792 1898 921 1946 Torr.
953 1901 1011 1947 G.
1030 1899 1080 1946 S.
1105 1899 1167 1945 Ζ.
1185 1908 1263 1946 ecc.
1324 1902 1399 1964 qui
1422 1898 1553 1946 malis
1576 1907 1795 1965 putarunt
1817 1915 1903 1945 esse
1922 1899 2015 1949 τοῖς
2039 1896 2215 1955 κακοῖς,
2233 1912 2327 1943 eun
2347 1894 2409 1941 sit
2418 1894 2561 1959 genis.

253 2040 303 2076 1.
333 2042 376 2076 c.
393 2026 494 2089 44)
530 2029 716 2084 Mater,
752 2039 799 2075 te
825 2030 1011 2094 ospello,
1040 2040 1088 2076 tu
1130 2047 1221 2093 quae
1254 2048 1395 2076 somno

249 2110 402 2140 curan
419 2104 665 2157 suspensa-u
687 2096 835 2151 levas,
867 2097 1022 2158 Neque
1042 2108 1085 2143 te
1105 2097 1188 2141 mi
1210 2099 1398 2153 miseret,

250 2176 384 2223 urge
400 2172 445 2205 et
479 2160 607 2224 sepeli
642 2169 809 2218 natum,
843 2161 1241 2225 ,Priusquam-sere
1266 2162 1395 2207 volu-

249 2241 424 2287 cresque
443 2236 530 2272 etc.

322 2288 455 2336 Mire
478 2288 712 2337 Bentlcius
736 2290 976 2352 conjunxit
1005 2292 1164 2365 vulgus
1202 2302 1248 2337 et
1278 2294 1404 2338 eimi-

249 2354 355 2411 Ien,
386 2370 491 2401 cum
515 2354 613 2418 ipse
637 2356 852 2417 repererit
881 2357 926 2402 in
962 2356 1117 2402 Libris
1157 2358 1333 2420 vulgum
1355 2369 1402 2405 et

250 2419 435 2467 ein-ileu·
470 2421 515 2466 in
549 2421 708 2468 eodem
744 2437 942 2481 genere3
976 2437 1120 2484 neque
1158 2425 1313 2485 vulgus
1350 2434 1396 2469 et

250 2486 413 2533 ciuilis
434 2485 606 2548 possint
627 2486 818 2549 syntaxi
840 2488 1083 2535 convenire
1102 2486 1188 2535 hoc
1215 2489 1331 2535 loto.
1344 2489 1400 2536 Β.

254 2551 454 2597 Sinilem
476 2551 624 2599 intell.
657 2557 844 2600 errorem
882 2553 981 2600 huie
1019 2557 1160 2600 errori
1199 2556 1403 2609 insanire,

255 2615 352 2664 sive
372 2617 522 2679 ulgus
546 2617 673 2664 malis
705 2617 797 2664 sive
821 2620 1016 2683 vulgum,
1053 2630 1202 2681 potest
1225 2619 1403 2676 docere,

255 2680 378 2729 salva
403 2681 1005 2739 Grammatica,Stertinius.
1072 2684 1237 2732 Lectio
1260 2684 1403 2730 Bent-

254 2746 402 2792 leiana
426 2746 577 2810 itaque
600 2761 746 2810 potest
762 2735 881 2795 bona
906 2764 1018 2809 esse,
1047 2748 1154 2797 licet
1177 2765 1268 2796 non
1289 2749 1401 2797 bene

256 2811 385 2859 inam
406 2812 669 2860 defenderit.
701 2814 766 2859 G.

324 2875 388 2936 63
424 2877 593 2924 Errm'
606 2894 621 2936 ;
654 2876 898 2925 dementiae
920 2878 1089 2925 scilicet
1113 2894 1246 2941 quam
1271 2877 1394 2925 dixi:

256 2942 533 2989 dementiam
554 2942 677 2989 enim
697 2958 777 3005 per
797 2943 1178 3005 Euphemismum
1195 2959 1396 2991 errorem

259 3006 467 3054 dicimus.
505 3008 569 3055 Ut
590 3026 655 3055 me
676 3010 818 3055 malus
863 3009 1047 3055 abstulit
1070 3008 1220 3056 error!
1290 3008 1403 3055 Vir-

255 3070 403 3132 gilius.
470 3073 616 3121 Error
649 3077 858 3139 proprius
895 3087 958 3121 est
994 3076 1050 3121 e‘t’s
1115 3076 1159 3119 ui
1192 3076 1236 3119 in
1274 3073 1405 3121 ,il-vis

263 3138 429 3183 ineerta
446 3140 524 3184 via
549 3153 794 3203 vagantur.
829 3140 937 3185 Vct.
960 3138 1080 3186 Scho
1102 3172 1114 3186 .
1146 3138 1286 3201 Cruq.

334 3199 396 3260 65
430 3203 597 3267 Integer
619 3215 687 3250 est
709 3202 780 3252 cui
805 3202 919 3250 nihil
939 3204 1141 3265 deperiit.

334 3266 463 3323 Esto,
485 3268 528 3312 h.
548 3284 588 3316 e.
607 3268 842 3316 mittamus
878 3268 1003 3332 loqui
1043 3268 1098 3315 de
1135 3268 1239 3316 isto.
1303 3269 1400 3318 Co·

266 3330 386 3378 mica
411 3332 682 3389 Μιτᾶβισις.
715 3334 770 3381 Β.

330 3396 440 3444 Alia
462 3399 613 3445 omnia
643 3412 773 3461 puto.
836 3398 949 3446 Non
988 3398 1149 3446 transit
1171 3400 1316 3446 Poeta
1341 3399 1394 3446 ad

256 3461 403 3520 aliud,
440 3465 515 3510 sed
538 3464 726 3525 probare
757 3464 1008 3523 aggreditur
1044 3465 1164 3526 quod
1208 3465 1396 3511 dixerat.

258 3528 375 3575 Esto
398 3529 746 3576 Geometrarum
788 3544 912 3576 more
947 3530 1089 3592 ponit.
1155 3531 1269 3578 Esto
1298 3531 1396 3577 baec

258 3592 457 3657 species:
494 3609 717 3656 ponamus
739 3593 862 3642 hunc
885 3610 1058 3654 casum,
1087 3598 1129 3643 si
1150 3597 1289 3643 dae‘can
1306 3597 1405 3653 tibi,

258 3658 376 3707 Acci
446 3671 533 3705 etc.
568 3661 631 3705 G.

325 3724 356 3772 6
426 3725 646 3781 Praesens,
671 3723 790 3772 votis
810 3740 987 3787 parens,
1011 3736 1056 3772 et
1079 3741 1159 3788 per
1188 3724 1275 3773 hoc
1298 3740 1402 3788 pro·

238 3787 416 3851 'pitius-
481 3790 662 3837 Notum
699 3801 766 3837 est
805 3790 1094 3839 Mercurium
1134 3806 1228 3838 esse
1267 3791 1402 3838 deum

255 3854 394 3902 lucri.

325 3917 391 3981 69
425 3919 685 3967 Obscurum
710 3931 795 3977 est,
814 3919 919 3981 quia
952 3919 1071 3968 tacet
1093 3919 1335 3977 Horatius,
1354 3932 1403 3968 et

256 3984 561 4048 repugnantia
596 3986 754 4033 dicunt
794 3998 965 4032 veteres
1007 3985 1287 4043 Scholiastae,
1319 3986 1401 4048 qui

256 4051 436 4099 fuerint
462 4050 629 4097 Nerius
653 4062 701 4097 et
727 4050 897 4099 Cicuta.
930 4049 1196 4097 Gronovius
1217 4052 1272 4098 de
1298 4052 1401 4098 Pec.

242 4117 358 4163 'vet-
378 4131 424 4179 p.
446 4111 559 4172 644.
592 4115 733 4163 ICtos
754 4115 892 4173 facit3
925 4114 1156 4164 Bentleius
1189 4116 1244 4162 ad
1283 4115 1402 4163 Hor.

258 4181 410 4244 Epist.
432 4192 477 4228 2.
505 4195 548 4229 1.
568 4193 677 4241 105.
705 4181 999 4229 feneratores.
1059 4180 1290 4227 Sententia
1315 4197 1406 4229 non

258 4246 466 4293 multum
484 4271 489 4278 -
508 4247 699 4304 diversa,
743 4259 897 4293 utrum
945 4244 1108 4305 eligas:
1144 4245 1408 4293 scribendas

258 4327 389 4368 cura,
405 4327 435 4359 o
459 4311 690 4369 Creditor‚
709 4311 883 4358 tabulas
904 4311 1080 4369 decem,
1099 4310 1253 4373 quales
1268 4326 1291 4357 a
1311 4312 1409 4358 Nc-

258 4377 356 4437 rio,
388 4388 597 4433 centurn,
640 4375 796 4439 quales
816 4393 842 4423 a
876 4376 1043 4423 Cicuta
1082 4375 1213 4423 scribi
1237 4375 1296 4438 (si
1320 4376 1411 4424 sint

250 4440 393 4499 icti,
406 4439 638 4507 praescribi
655 4441 952 4502 debitoribus,
965 4441 1001 4490 si
1012 4441 1100 4491 sint
1116 4441 1411 4506 feneratores)

1458 2028 1825 2077 solent—tamen
1848 2026 2035 2074 falleris.
2104 2026 2257 2073 Cicuta
2283 2036 2335 2072 ut
2366 2023 2598 2071 fenerator

1458 2094 1725 2142 describitur
1750 2111 1796 2142 v.
1821 2105 1877 2155 17
1882 2108 1928 2153 5.
1949 2104 1996 2140 et
2022 2091 2060 2140 si
2081 2093 2201 2139 idem
2224 2102 2292 2139 est
2308 2089 2538 2147 Perillius,
2554 2104 2598 2136 v.

1461 2174 1721 2273 7job-ibere
1728 2227 1850 2290 juris
1881 2223 2061 2271 verbum
2092 2232 2174 2279 est,
2198 2238 2280 2286 pro
2313 2228 2503 2267 mutuum
2522 2239 2600 2267 su-

1466 2310 1580 2338 nere
1592 2312 1609 2344 ‚-
1670 2291 1898 2337 rescribere
1938 2306 2046 2336 vero
2087 2297 2150 2335 est
2200 2288 2367 2333 reddere
2405 2285 2603 2332 debitum.

1469 2357 1583 2403 Vct.
1605 2355 1757 2402 Schol.
1792 2355 1935 2416 Cruq.
1973 2355 2151 2400 Verum
2195 2352 2283 2399 hoc
2319 2350 2422 2398 loco
2461 2349 2602 2398 Scribe

1462 2422 1599 2469 decem
1622 2439 1651 2468 a
1677 2422 1816 2468 Nerio
1838 2433 1924 2477 est,
1953 2420 2034 2467 Tu
2073 2419 2213 2465 scribe
2248 2419 2402 2464 decern
2426 2416 2602 2464 tabulas

1463 2488 1554 2535 sive
1580 2485 1881 2551 Syngraphas,
1906 2484 2061 2548 quales
2082 2483 2300 2531 scribebat
2323 2480 2603 2530 debitoribus

1462 2554 1555 2600 suis
1587 2553 1831 2599 soenerator
1870 2551 2069 2599 Nerius:
2106 2565 2213 2596 nam
2240 2567 2272 2595 a
2296 2549 2442 2595 Nerio
2463 2548 2600 2596 estin

1464 2634 1638 2665 morem
1664 2617 1809 2664 Nerii.

1533 2683 1703 2745 Supple
1724 2686 1793 2729 si.-
1828 2697 1933 2728 nam
1952 2693 2019 2728 est
2042 2680 2313 2744 Asyndcton
2340 2679 2602 2728 Comicum.

1465 2750 1520 2796 B.
1584 2748 1721 2795 Conf.
1742 2747 1857 2794 infra
1880 2763 1922 2793 v.
1948 2743 2054 2793 116.
2073 2747 2135 2792 G.

1534 2807 1713 2870 Cicutae',
1731 2829 1898 2860 nomen
1917 2812 2016 2859 duri
2042 2810 2345 2859 foeneratoris.

1531 2890 1596 2936 70
1628 2879 1786 2925 Nodosi
1813 2897 1829 2924 .·
1878 2879 2174 2942 argumentosi.
2208 2877 2318 2922 Vct.
2353 2874 2504 2923 schol.
2549 2877 2622 2932 B„

1462 2943 1557 3003 Qui
1575 2945 1715 2991 nodos
1731 2957 1777 2991 et
1797 2943 1979 3004 laqueos
2001 2942 2240 2988 verborum
2258 2954 2429 2988 struere
2446 2941 2605 3004 possit,

1471 3021 1522 3055 ut
1542 3008 1683 3055 valida
1701 3008 1779 3056 fiat
1798 3008 2027 3068 obligatio.
2057 3008 2119 3053 G.

1539 3073 1762 3132 Carmen·
1793 3076 2000 3121 cautiones
2044 3081 2086 3119 et
2122 3089 2256 3118 nexus
2283 3073 2427 3136 juris.
2490 3070 2605 3118 Vet.

1470 3136 1623 3186 Schol.

1532 3215 1589 3262 71
1625 3201 1815 3260 Comice
1839 3203 2064 3250 sceleratus
2085 3216 2167 3264 pro
2187 3197 2395 3248 astutus(

1533 3281 1593 3328 72
1628 3270 1788 3333 Injus,
1810 3267 1855 3313 h.
1877 3283 1917 3314 e.
1937 3267 1983 3314 in
2006 3268 2175 3313 forum.

1533 3336 1687 3382 Malis
1712 3336 1909 3381 ridentem
1931 3334 2084 3380 alienis
2095 3353 2114 3386 ,-
2156 3332 2339 3379 Graeeus
2359 3340 2423 3379 est
2446 3347 2602 3388 seruo,

1459 3401 1535 3463 qui
1576 3398 1813 3464 significat,
1843 3400 1884 3445 si
1920 3417 2013 3444 eum
2058 3399 2208 3462 injus
2243 3408 2393 3460 rapere
2431 3401 2600 3459 ceperis

1461 3467 1599 3512 risun·
1657 3463 1877 3511 simulabit
1915 3465 2001 3512 suis
2058 3467 2202 3511 malis.
2283 3463 2393 3508 Vct·
2449 3461 2606 3509 Schol-

1463 3531 1606 3592 Cruq.
1660 3529 1905 3590 rnaspotea
1943 3528 2123 3591 γιλόυν
2151 3523 2444 3592 άλλως-(ἴωσι.
2493 3526 2604 3574 Ho-

1467 3611 1635 3643 merus.
1670 3596 1784 3658 (Od.
1809 3603 1869 3642 T.
1889 3597 2023 3655 347.)
2057 3595 2130 3641 Sic
2154 3606 2201 3640 et
2222 3592 2439 3639 Valerius
2472 3591 2604 3640 Flac-

1467 3676 1549 3708 cus
1593 3658 1661 3723 (8.
1701 3658 1835 3718 164.)
1870 3661 2023 3707 Alieno
2054 3662 2218 3724 gaudia
2259 3659 2386 3704 vultu
2427 3657 2605 3723 Semper

1465 3740 1610 3775 erant.
1630 3726 1684 3773 B.
1740 3723 1989 3772 Homerica
2038 3725 2154 3771 ratio
2191 3722 2313 3785 quod
2355 3723 2410 3770 ad
2454 3723 2607 3781 verba,

1468 3791 1547 3840 sed
1567 3807 1698 3838 sensu
1720 3789 1850 3851 plane
1873 3788 1976 3836 alio.
2024 3789 2119 3838 Hic
2141 3789 2317 3835 debitor
2336 3788 2452 3837 ridet
2471 3790 2605 3838 malie

1470 3873 1505 3904 s.
1527 3855 1649 3917 genis
1668 3853 1923 3912 creditoris,
1943 3867 1993 3902 ιιι
2012 3854 2134 3902 Galli
2150 3854 2327 3910 dicunt,
2345 3871 2436 3900 aux
2453 3857 2602 3918 ἄφευε

1464 3924 1522 3969 du
1559 3925 1788 3969 creancier.
1851 3919 2103 3982 Turpicule
2142 3919 2262 3978 Itali,
2290 3920 2365 3966 sed
2401 3919 2604 3982 apposite

1466 3987 1522 4033 ad
1559 3987 1673 4034 hanc
1708 4001 1824 4045 rem,
1855 3985 2055 4033 Fon-him·
2087 3987 2123 4034 11
2148 3986 2239 4032 culo
2259 3986 2369 4032 colla
2399 3986 2607 4034 camiseis

1466 4051 1511 4099 δ’
1534 4054 1688 4099 alerui.
1724 4052 1787 4099 G.

1535 4129 1593 4177 73
1631 4118 1776 4181 Aper,
1789 4114 1964 4180 [ενοκς
2000 4117 2126 4172 avis,
2146 4116 2338 4179 sugax;
2375 4133 2533 4163 saxum
2563 4125 2608 4164 e!

1470 4182 1623 4238 arbor,
1652 4196 1807 4229 mutus.
1839 4180 1951 4227 Vct.
1974 4179 2125 4228 Schol.
2148 4181 2266 4227 Satis
2288 4179 2416 4228 belle.

1543 4259 1604 4306 74
1639 4247 1773 4295 Male
1796 4265 1882 4294 rem
1910 4264 2063 4310 gerere
2099 4261 2178 4309 per
2219 4246 2608 4295 Charientismum

1474 4310 1625 4369 posuit
1649 4328 1732 4373 pro
1764 4327 1860 4358 rem
1899 4314 2109 4374 perdere3
2144 4327 2194 4358 ac
2218 4311 2252 4359 si
2276 4312 2321 4359 id
2352 4313 2474 4375 quod
2512 4321 2610 4360 erat

1476 4377 1651 4489 {gelidae
1673 4377 1912 4426 dementia!
1934 4376 2254 4444 imputandum
2277 4378 2399 4428 foret
2434 4376 2610 4426 casibus

1516 4455 1708 4490 ortunae.
