3000 4979
858 335 1394 405 CARMINUM
1441 337 1596 403 Lm.
1647 337 1739 405 11.
1787 348 1851 406 8.
2438 348 2527 415 89

451 512 792 581 Pulchrior
824 512 1046 591 multo,
1084 514 1525 601 juvenumque
1555 514 1780 601 prodis

809 623 1080 688 Publica
1110 646 1283 688 cura.

461 733 749 819 Expedit
779 734 999 798 matris
1031 735 1273 799 cineres
1302 747 1562 821 opertos

297 857 372 912 10
463 845 731 923 Fallere,
779 857 843 908 et
874 858 1010 909 toto
1042 845 1360 910 taciturna
1387 845 1595 910 noctis

459 956 660 1043 Signa
691 977 838 1019 cum
872 952 1057 1031 coe10,
1103 954 1443 1042 gelidaque
1474 955 1657 1020 divos

813 1063 1034 1130 Morte
1063 1078 1371 1130 carentes·

466 1175 666 1239 Ridet
693 1174 840 1252 hoc,
887 1176 1168 1261 inquam,
1221 1174 1443 1238 Venus
1473 1174 1633 1260 ipsa,
1683 1173 1894 1241 rident

459 1284 794 1369 Simplices
828 1284 1173 1371 Nymphae,
1221 1285 1390 1350 ferus
1421 1297 1485 1350 et
1525 1284 1788 1372 Cupido

297 1404 370 1460 15
467 1398 735 1480 Semper
765 1395 1059 1460 ardentes
1092 1418 1325 1460 acuens
1357 1395 1624 1482 sagittas

823 1506 986 1571 Cote
1019 1520 1304 1571 cruenta.

466 1616 658 1680 Adde
690 1616 865 1703 quod
900 1618 1102 1701 pubes
1134 1618 1253 1682 tibi
1284 1617 1510 1682 crescit
1540 1616 1781 1693 omnis;

467 1728 750 1792 Servitus
781 1728 1008 1792 crescit
1040 1749 1241 1803 nova3
1289 1748 1410 1790 nec
1440 1726 1687 1811 priores
1718 1766 1721 1769 ι

466 1838 695 1924 Impiae
725 1849 962 1902 tectum
996 1836 1276 1900 dominae
1308 1835 1699 1922 relinquunt,

290 1958 374 2016 20
814 1948 1000 2032 Saepe
1031 1946 1277 2010 minati.

468 2059 569 2124 Te
599 2058 728 2124 suis
760 2070 993 2123 matres
1025 2069 1317 2121 metuunt
1336 2056 1652 2141 juvencis,

468 2169 572 2234 Te
603 2192 785 2235 senes
815 2169 1016 2256 parci,
1062 2168 1442 2254 miseraeque
1470 2190 1681 2253 nuper

469 2279 769 2368 Virgines
801 2294 1043 2366 nuptae,
1091 2291 1203 2344 tua
1230 2301 1314 2343 ne
1343 2278 1624 2345 retardet

757 2465 775 2475 ,
824 2393 1009 2457 Aura
1038 2392 1323 2456 maritos·

603 2572 660 2621 17
695 2577 838 2624 quum
862 2563 1034 2626 conjicit
1058 2561 1257 2620 Crusius,
1276 2561 1356 2610 sed
1362 2560 1564 2624 frustra
1641 2572 1705 2618 24
1739 2559 1864 2609 Cura
1882 2563 1990 2626 conj.
2009 2560 2156 2609 Bentl-

272 2721 318 2786 9·
326 2709 541 2772 Propeest
553 2715 823 2770 utputema
771 2726 823 2754 ra
826 2709 974 2755 tionem
983 2711 1165 2771 pietatis
1182 2723 1224 2756 et
1237 2711 1340 2757 reli·
1473 2720 1539 2758 20
1572 2707 1662 2756 M
1647 2709 1774 2764 matt
1804 2708 1960 2771 supple
1982 2706 2205 2772 quanvis

207 2777 396 2838 gionisu
351 2777 396 2820 ίιι
413 2775 680 2820 contrarium
691 2791 779 2820 esse
794 2791 984 2820 versam
1016 2775 1129 2822 vet.
1148 2775 1298 2822 Schol.
1472 2786 1532 2821 21
1571 2774 1765 2820 Juvence‘
1811 2792 1892 2821 non
1939 2787 2109 2820 tantun
2159 2771 2284 2818 boves
2330 2767 2545 2826 dicuntur,

275 2853 337 2887 xo
372 2839 621 2886 Tacitum
656 2841 800 2901 signa,
829 2837 876 2885 h.
914 2854 955 2885 e.
985 2842 1215 2886 taciturne
1247 2857 1343 2888 noc-
1405 2841 1480 2885 sed
1499 2841 1712 2886 homines:
1745 2840 1943 2901 quamvis
1982 2840 2025 2884 in
2049 2856 2126 2885 usu
2153 2840 2230 2892 sit,
2264 2842 2313 2882 ut
2343 2852 2422 2882 m
2459 2834 2547 2881 nisi

213 2907 268 2952 tis
286 2909 433 2970 signa.
502 2903 777 2968 Hypallage.
810 2903 1141 2951 Mancinellus.
1173 2905 1229 2951 Β.
1405 2915 1487 2968 per·
1532 2905 1843 2951 diminutionem
1870 2905 2130 2968 juvenculos
2172 2905 2373 2949 dicantes.
2436 2900 2546 2947 Vct.

276 2983 335 3031 13
371 2970 475 3019 RiA
467 2979 526 3024 et,
558 2984 652 3014 non
678 2980 822 3022 curat,
842 2968 1018 3015 irritum
1041 2969 1202 3017 reddit·
1239 2971 1302 3017 Ζ.
1413 2968 1566 3016 Schol-

276 3049 340 3093 14
372 3036 503 3098 simp
504 3035 622 3090 lices,
651 3032 752 3096 fact
747 3035 843 3088 '312¹
893 3034 1094 3098 perfidie
1124 3053 1217 3082 cum
1250 3038 1343 3083 risu
1475 3046 1539 3083 22
1572 3032 1778 3090 Misere,
1803 3031 1993 3080 solicitae
2013 3044 2061 3080 et
2081 3031 2320 3094 zelotypae.
2364 3030 2420 3078 B.

157 3123 162 3128 «
213 3100 482 3164 indulgentes·
468 3047 624 3146 pVet.
656 3098 808 3146 Schol.
1474 3110 1536 3158 23
1571 3097 1799 3154 Reeardee,
1826 3097 2047 3144 abalienet
2068 3113 2094 3144 a
2113 3111 2225 3143 sese.
2258 3096 2323 3143 Ζ.

276 3167 499 3231 Nympha
526 3165 703 3211 Veneris
724 3166 886 3211 comites
909 3172 1023 3211 sunt.
1053 3165 1164 3212 Vet-
1195 3163 1346 3213 schol.
1475 3174 1542 3218 24
1574 3163 1732 3214 Aura,-
1784 3131 1924 3208 ’Amr
1900 3166 1961 3209 ris
2011 3179 2142 3218 aura,
2186 3177 2278 3225 quae
2317 3159 2383 3207 ad
2409 3166 2549 3206 tem

213 3229 325 3277 vid.
345 3233 446 3280 Od.
461 3229 634 3287 4.Lib.
658 3231 695 3276 1.
1403 3226 1521 3291 sert.
1548 3226 1665 3273 Vet.
1685 3225 1836 3273 Schol.
1871 3226 1962 3274 Per
1983 3225 2198 3285 Dilogian
2215 3235 2344 3272 notat
2366 3222 2549 3287 ejusin-

279 3310 338 3357 15
375 3293 622 3357 Cupidinis
660 3293 832 3353 sagittae
864 3293 1016 3353 ignitae
1049 3305 1183 3340 sunt:
1238 3292 1355 3358 1103>
1417 3290 1741 3348 constantiam,
1752 3307 1908 3338 aaran
1931 3291 2358 3354 scilicctfallacm5
2397 3300 2450 3336 ut
2472 3303 2552 3336 au-

213 3362 370 3409 rae'vrae
390 3361 652 3417 βίβιπιιι.
685 3358 930 3416 Moschus,
945 3360 1113 3406 citante
1131 3359 1356 3420 Cruquio.
1415 3371 1512 3419 pra.
1560 3355 1859 3418 Tanaquillus
1893 3357 2036 3403 Faber
2065 3367 2113 3403 et
2133 3355 2318 3419 putidus
2338 3364 2385 3400 ct
2406 3353 2552 3400 foedua

279 3426 343 3474 16
378 3428 512 3475 Bene
532 3434 706 3471 cruenta
728 3439 831 3471 cum
866 3435 997 3471 antea
1015 3425 1150 3499 ferus
1190 3439 1354 3486 posue·
1419 3434 1506 3479 est,
1539 3422 1649 3468 dum
1670 3420 1823 3469 nescio
1838 3422 1946 3484 quid
1968 3423 2023 3469 de
2044 3422 2182 3469 odore
2200 3434 2433 3468 vaccarum
2455 3433 2556 3468 cre-

211 3491 286 3539 xit.
318 3493 378 3540 Β.
449 3492 521 3538 Ut
544 3489 652 3536 alias
672 3500 797 3536 cotes
826 3488 899 3536 vel
929 3489 1123 3552 aquariae
1158 3499 1263 3535 sunt
1285 3488 1358 3535 vel
1420 3502 1517 3551 pat,
1543 3498 1590 3534 ct
1605 3487 1824 3548 juvencos
1840 3499 1972 3549 putat
1992 3499 2146 3535 tauros
2165 3485 2269 3533 dici.
2305 3484 2360 3531 Β.

212 3557 418 3615 oleariae,
439 3556 505 3603 ita
537 3554 721 3616 Cupido
752 3555 844 3600 suis
875 3553 977 3601 telis
1009 3554 1220 3601 acuendis
1252 3570 1358 3601 san-
1483 3551 1644 3614 Siquid
1676 3551 1755 3599 hic
1788 3564 1856 3600 est
1890 3551 2121 3608 foeditatis,
2167 3550 2214 3598 id
2247 3566 2274 3597 a
2304 3550 2438 3611 poe‘ta
2470 3559 2560 3607 est,

211 3623 401 3682 guinem
424 3622 697 3669 miserorum
720 3618 969 3665 amantium
993 3619 1190 3676 adhibet,
1210 3634 1352 3682 eaque
1416 3633 1511 3666 non
1548 3634 1572 3664 a
1608 3617 1768 3664 Fabro.
1832 3618 1995 3665 Ponit
2028 3616 2149 3664 enim
2183 3615 2388 3679 profecto
2419 3616 2554 3677 po‘e'ta

211 3687 379 3745 inficit,
412 3698 469 3734 ut
499 3683 714 3745 sanguine
745 3683 901 3748 hydrae
932 3699 1011 3731 sua
1045 3684 1135 3731 tela
1172 3652 1356 3732 i-Iercu-
1417 3684 1659 3744 imaginem
1681 3683 1815 3741 tauri,
1836 3681 1917 3745 qui
1939 3692 2089 3744 captat
2112 3696 2267 3728 auram
2288 3679 2337 3727 Β.
2356 3695 2398 3727 e.
2417 3680 2556 3727 odor-

210 3753 293 3801 Ια.
325 3756 396 3801 G.
1415 3764 1512 3795 rem
1552 3749 1777 3810 juvencae,
1816 3747 2107 3824 loquiturque
2140 3757 2194 3793 ut
2225 3746 2354 3805 Virg-
2386 3745 2477 3792 Ge.
2508 3757 2555 3804 3.

224 3842 227 3846 ’
281 3817 346 3867 18
384 3816 607 3871 Ser-vim,
619 3814 745 3877 copia
763 3825 1018 3862 amatorum
1036 3829 1258 3863 novorum
1276 3813 1356 3876 qui
1421 3825 1536 3871 251,
1566 3814 1622 3859 de
1657 3813 1786 3886 equis
1823 3815 1862 3859 si
1901 3822 2069 3859 tantun
2108 3825 2233 3858 notas
2265 3813 2365 3858 odor
2400 3811 2560 3858 attulit

214 3884 297 3933 tibi
319 3880 546 3932 servient.
581 3881 644 3927 Ζ.
1418 3896 1584 3924 auras.-
1633 3877 1745 3939 quin
1780 3889 1831 3925 nt
1864 3877 2086 3942 jeremias
2118 3888 2164 3926 2.
2202 3888 2284 3932 24.
2322 3874 2559 3940 Onager—

283 3963 347 4010 ¹9
385 3949 562 4012 Inpia,
583 3945 632 3991 h.
652 3959 694 3990 e.
724 3943 909 3999 Atheae,
929 3944 1131 4005 perjura.
1420 3946 1619 3991 attraxit
1647 3956 1828 3990 ventum
1858 3945 2018 3990 amoris
2049 3944 2148 3991 sui.-
2195 3942 2316 4005 quod
2348 3941 2559 3989 observa-

283 4015 475 4062 Notmn
496 4022 569 4058 est
600 4011 711 4057 Vct.
742 4010 932 4056 amasios
965 4020 1012 4056 et
1042 4009 1228 4058 amasiae
1260 4024 1364 4058 suos
1428 4020 1531 4057 tum
1551 4008 1683 4057 Fabri
1703 4022 1881 4070 genero.
1915 4008 1979 4056 G.

218 4079 437 4128 dominos
458 4088 508 4125 et
530 4075 737 4124 dominas
756 4075 988 4122 vocitasse.
