3000 4979
379 289 535 354 xxiv
989 284 1564 355 COMPENDIA
1612 266 2093 353 NOMINUM

382 478 757 554 terniones
783 498 935 549 non
963 474 1389 575 illiquidem
1416 475 1648 551 literis
1675 474 2079 575 Alphabeti
2102 450 2397 573 signati,
2425 472 2554 549 sed
2580 472 2689 546 fo-

381 603 482 677 lia
516 603 671 701 ipsa
706 601 782 672 in
820 598 1095 698 angulo
1134 599 1397 673 dextro
1422 600 1717 698 paginae
1742 599 2044 674 adversa
2072 598 2392 673 numeris
2417 621 2549 695 per
2575 608 2691 671 to-

384 741 544 801 tum
584 749 771 823 opus
806 722 1178 797 continuis
1216 722 1595 813 distincta,
1631 722 1724 796 ad
1763 747 1946 821 quos
1982 720 2542 796 accommodata
2576 728 2692 793 est

387 852 637 929 tabula
662 848 1220 938 vocabulorum,
1257 872 1424 945 quae
1465 849 1541 920 in
1599 848 2143 923 commentariis
2199 844 2692 946 explicantur,

387 1004 537 1055 non
565 980 763 1052 bono
786 974 1095 1050 consilio
1126 985 1293 1073 post
1320 973 1610 1049 omissa.
1693 971 1967 1061 Quales
1995 973 2143 1046 sint
2169 970 2313 1044 illae
2341 970 2697 1066 interpre-

387 1105 735 1193 tationeS,
788 1100 1186 1177 ostendent
1236 1101 1640 1198 specimina
1691 1100 1926 1175 multa
1973 1125 2019 1174 a
2077 1100 2399 1175 Baxtero
2450 1084 2694 1170 allata.

393 1232 592 1306 Illud
636 1230 1030 1304 universim
1086 1226 1525 1318 tenendum,
1574 1226 1809 1302 multa
1851 1239 2032 1302 tunc
2086 1227 2425 1326 ignorata
2472 1221 2699 1299 etiam

390 1358 655 1444 doctiS,
681 1380 848 1457 quae
874 1356 952 1428 in
981 1353 1387 1429 trivialibus
1412 1352 1677 1430 libellis
1704 1355 2069 1430 habentur
2096 1384 2120 1448 3
2176 1352 2409 1428 multa
2439 1349 2703 1426 melius
2789 1415 2796 1429 .

391 1509 596 1559 nunc
635 1482 1025 1558 traduntur
1059 1480 1137 1553 in
1168 1477 1467 1556 Lexicis
1504 1479 1623 1556 vel
1649 1482 1837 1555 vivae
1862 1478 2452 1579 interpretationi
2480 1500 2707 1551 reser-

392 1624 869 1710 vantur‚quae
898 1620 1060 1683 tum
1086 1608 1164 1681 in
1195 1608 1787 1682 Commentarios
1822 1607 2238 1683 referebant
2266 1605 2528 1680 merito
2557 1615 2705 1679 ete.

495 1734 595 1809 G.
621 1732 836 1810 Gott.
867 1732 1387 1832 Gottingensis
1415 1733 1681 1808 Codex
1712 1733 1875 1808 MS.
1907 1734 2002 1807 de
2025 1758 2172 1832 quo
2201 1731 2500 1807 Praesid.
2532 1756 2609 1806 n.
2639 1731 2705 1806 Ι.

499 1857 606 1932 H.
661 1857 859 1932 Han.
899 1856 1517 1943 HannoveranuS,
1559 1854 1653 1929 de
1688 1881 1834 1954 quo
1872 1881 1943 1931 n.
1985 1856 2095 1931 II.

498 1982 738 2058 Looh.
793 1981 1113 2056 Locheri
1157 1981 1505 2076 (Jacobi)
1551 2006 1773 2080 quatn
1810 1984 2155 2058 Loscheri
2205 2008 2471 2060 vocare
2524 1984 2715 2060 solet

402 2109 831 2187 Bentleius:
923 2108 1143 2182 habui
1200 2130 1241 2182 e
1317 2107 1785 2183 Bibliotheca
1855 2109 2098 2209 Regia
2161 2108 2716 2186 Hannoverana

399 2233 864 2331 benignitate
898 2231 1173 2307 laudati
1212 2234 1541 2341 Scheidii.

481 2352 698 2431 Med.
728 2354 1320 2431 Mediolanensia
1342 2356 1797 2455 exemplaria
1817 2357 2043 2433 habet
2065 2356 2529 2435 Bibliotheca
2551 2384 2719 2435 nos-

409 2493 524 2558 tra
551 2480 716 2572 tria,
750 2505 981 2554 unum
1019 2505 1238 2579 opera
1272 2492 1347 2555 et
1375 2481 1705 2577 impensis
1741 2482 2067 2582 Philippi
2099 2482 2502 2581 Lavagnioe
2535 2486 2719 2562 civis

408 2609 976 2688 Mediolanensis
995 2631 1179 2681 anno
1208 2632 1254 2681 a
1278 2609 1499 2682 natali
1524 2609 1919 2683 Christiano
1945 2609 2719 2689 MCCCCLXXVII.

408 2737 615 2810 tertio
655 2733 742 2808 K
745 2735 788 2806 l.
828 2732 1030 2807 Maii
1052 2730 1105 2805 f.
1211 2729 1566 2806 Alterum
1597 2730 1819 2806 habet
1840 2732 2034 2807 hanc
2063 2735 2720 2835 subscriptionem:

407 2860 510 2933 In
557 2859 835 2953 officina
869 2857 1148 2952 egregii
1185 2856 1464 2929 librarii
1499 2858 1801 2931 Antonii
1825 2859 2111 2933 Zarotti
2148 2861 2566 2939 Parmensis
2598 2867 2724 2940 im-

401 2985 666 3085 pendio
705 2985 773 3058 A
779 2983 1104 3057 leaandri
1132 2983 1234 3056 M
1234 2982 1537 3055 inutiani
1564 2983 1634 3056 A
1627 2985 1839 3079 ppuli
1863 2986 1950 3057 de
1983 2986 2239 3059 Sancto
2276 2990 2541 3066 Severo
2576 2993 2727 3073 hoee

414 3136 635 3208 opera
672 3109 1079 3190 Mediolani
1113 3112 1453 3204 impressa
1485 3120 1670 3183 sunt.
1778 3116 1994 3185 Anno
2042 3137 2088 3184 a
2139 3114 2502 3208 salutifero
2567 3121 2730 3194 Vir.

407 3238 605 3334 ginis
623 3247 851 3332 partu
900 3244 1094 3308 sexto
1124 3245 1198 3306 et
1246 3235 1662 3330 octogesimo
1717 3256 1939 3332 supra
1996 3237 2424 3313 millesimum
2458 3253 2531 3314 et
2559 3268 2734 3339 qua.

417 3363 1057 3460 dringentesimum.
1164 3360 1425 3440 Quinto
1463 3362 1625 3433 idus
1663 3364 2014 3436 Martias.
2049 3361 2174 3436 fol.
2223 3362 2731 3446 Memorabilis

421 3497 534 3562 est
555 3484 891 3586 praefatio
903 3482 1311 3557 Alexandri
1328 3481 1836 3560 Minutianiad
1862 3486 2485 3567 Bartholomaeum
2511 3494 2734 3573 Chal-

425 3591 1041 3700 cum‚Ducalium
1056 3619 1508 3682 secretorum
1525 3607 1998 3708 Magistrum,
2022 3614 2219 3689 unde
2243 3615 2582 3714 quaedam
2604 3618 2732 3695 hic
2785 3703 2794 3712 ,

424 3758 931 3834 excerpemuS.
1041 3732 1329 3832 Scripta
1356 3743 1467 3807 est
1492 3737 1568 3807 in
1593 3735 1767 3809 diali
1790 3759 1954 3809 arce
1980 3741 2111 3835 (an
2136 3737 2280 3812 hoc
2304 3751 2415 3813 est
2434 3741 2512 3813 in
2538 3742 2754 3840 pala-'

424 3862 532 3936 tio
571 3855 1066 3956 Episcopali?)
1083 3857 1328 3954 pridie
1351 3858 1512 3931 idus
1547 3859 1876 3933 Martias
1900 3861 2114 3934 Anno
2141 3886 2187 3933 a
2217 3874 2382 3936 nato
2417 3866 2734 3940 Domino

427 3982 1073 4062 MCCCCLXXX
1085 3983 1155 4057 V
1148 3984 1207 4058 I
1200 4038 1218 4055 .
1330 3983 1893 4057 Postulaverunt
1947 4011 1992 4057 a
2051 4009 2160 4059 me
2216 3988 2501 4085 quidam
2535 4013 2746 4087 supe.

428 4110 613 4186 riori
655 4130 870 4196 αηηο,
913 4118 995 4178 ut
1040 4106 1282 4180 Flacci
1322 4107 1584 4203 libros:
1654 4130 1826 4203 quos
1879 4110 2291 4206 impressum·
2331 4124 2539 4184 erant
2583 4138 2743 4190 cum

430 4234 716 4307 Acrone
748 4242 821 4304 et
849 4232 1357 4327 Porphyrione
1411 4233 1947 4307 accuratissimis
2003 4233 2504 4334 interpretibus
2534 4238 2749 4314 casti·
