3000 4979
724 262 810 342 Q.
860 261 1279 332 HORATII
1326 260 1675 331 FLACCI
1722 261 1973 333 VITA.
2325 289 2503 338 xxxv

222 458 498 539 suraque
550 452 911 541 perpetuo
951 440 1292 542 opinatus
1335 449 1475 530 est,
1525 450 1613 514 ut
1658 460 1809 514 non
1846 439 2069 516 modo
2117 440 2486 522 Saeculare

227 561 508 638 Carmen
559 565 1155 665 componendum
1207 562 1642 664 injunxerit,
1692 563 1827 638 sed
1879 577 1958 640 et
2014 563 2487 646 vindelicam

223 684 646 761 Victoriam*
737 686 1018 764 Tiberii
1096 688 1470 787 Drusique
1556 686 2070 786 Privignorum
2140 700 2482 783 suorum}

220 832 503 906 eumque
536 813 867 911 coegerit
900 825 1199 912 propter
1230 812 1403 902 hoc,
1455 809 1730 886 Tribus
1766 811 2199 888 Carminum
2237 812 2481 889 Libris

219 956 296 1007 ex
347 932 555 1033 longo
619 934 1005 1010 intervallo
1064 934 1430 1023 Quartum
1481 933 1804 1027 addere3
1867 946 2036 1034 pust
2085 936 2478 1014 Sermones

215 1077 363 1130 vero
385 1055 610 1132 lectos
637 1058 1022 1157 quosdam,
1048 1051 1323 1134 nullam
1351 1057 1462 1132 sui
1489 1057 1943 1134 mentionem
1977 1057 2336 1150 habitam,
2369 1061 2477 1138 ita

213 1175 294 1252 sit
319 1190 651 1276 questus:
709 1183 990 1257 Iratum
1011 1184 1055 1260 †
1102 1207 1211 1259 me
1245 1182 1369 1258 tibi
1392 1182 1593 1272 scito,
1628 1184 1823 1280 quod
1851 1183 2094 1257 nonin
2115 1182 2479 1282 plerisque

213 1300 509 1395 q‘usmodi
537 1305 824 1401 scriptis
851 1330 1108 1380 mecum
1129 1306 1567 1403 potissimum
1620 1306 1956 1402 loquaris.
2048 1306 2177 1380 An
2208 1310 2480 1383 vereris

208 1448 282 1497 ne
321 1430 504 1521 apud
530 1438 863 1524 posteros
895 1428 1151 1524 infirme
1182 1429 1277 1502 sit
1304 1429 1498 1525 quod
1525 1427 2249 1522 videarisffimiliaris
2278 1433 2477 1508 nobis

208 1554 383 1621 esse?
432 1551 935 1651 expressitque
971 1550 1379 1651 Eclogamt
1445 1546 1657 1647 cujus
1692 1548 1987 1625 initium
2023 1564 2171 1628 est:

386 1786 530 1861 Cum
570 1797 682 1862 tot
705 1787 1048 1862 sustineas
1079 1797 1154 1860 et
1181 1794 1376 1859 tanta
1407 1785 1700 1883 negotia
1731 1784 1945 1875 solue,

372 1908 506 1983 Bes
530 1911 774 1985 Italas
805 1912 1021 1985 armis
1054 1910 1328 1999 tuteris,
1377 1908 1690 1984 moribus
1723 1931 1958 1998 orneS,

363 2034 687 2130 Legibus
715 2038 1057 2127 emendeS,
1108 2034 1185 2108 in
1202 2034 1492 2133 publica
1521 2033 1881 2108 commoda
1902 2055 2210 2129 peccem,

366 2158 443 2232 Si
473 2159 693 2255 longo
719 2181 1033 2234 sermone
1063 2181 1302 2232 morer
1336 2167 1460 2232 tua
1494 2165 1835 2254 tempora,
1883 2156 2146 2231 Coesar.

195 2387 444 2467 Habitu
480 2393 814 2493 corporis
846 2393 1087 2470 brevis
1118 2391 1264 2469 fuit
1292 2404 1518 2492 atque
1551 2391 1862 2483 obesus3
1909 2390 2141 2491 qualis
2175 2403 2252 2467 et
2282 2418 2329 2468 a
2362 2419 2472 2471 se·

190 2516 469 2616 metipso
501 2520 586 2592 in
623 2518 897 2615 Satyris
924 2522 964 2614 S
1008 2517 1474 2607 describitur,
1502 2527 1581 2591 et
1611 2515 1706 2589 ab
1742 2512 2092 2612 Augusto
2125 2514 2265 2591 hac
2293 2516 2471 2617 Epi..

192 2637 393 2732 stola3
446 2643 773 2716 Pertulit
802 2644 902 2716 ad
928 2666 1038 2716 me
1071 2642 1468 2737 Dionysius
1500 2640 1803 2714 libellum
1829 2649 2046 2728 tuum,
2071 2659 2272 2736 quem
2303 2657 2468 2738 ego,

187 2777 263 2834 ne
289 2787 587 2839 accusem
624 2766 1054 2853 brevitatem,
1098 2763 1750 2861 quantuluscunque
1781 2771 1911 2851 est,
1964 2760 2125 2836 bom·
2154 2765 2464 2843 consulo.

193 2885 417 2966 Vereri
445 2901 681 2964 autem
713 2888 893 2991 mihi„
915 2888 1204 2977 videri-5,
1230 2911 1321 2961 ne
1350 2884 1655 2982 majores
1680 2884 1892 2958 libelli
1917 2884 2023 2958 tui
2054 2884 2220 2976 sint,
2255 2911 2464 2984 quam

182 3010 312 3107 ipse
337 3038 430 3089 ec.
532 3018 690 3090 Sed
716 3016 780 3089 si
828 3014 955 3091 tibi
986 3024 1259 3088 statura
1292 3015 1511 3102 deest,
1553 3011 2040 3108 corpusculwn
2069 3035 2214 3086 non
2247 3016 2460 3090 deest.

176 3137 409 3237 Itaque
452 3141 694 3215 licebit
730 3140 809 3214 in
855 3138 1233 3213 seaemriolo
1278 3137 1546 3211 scribas
1565 3133 1633 3228 51'
1642 3188 1667 3225 ,
1718 3156 1873 3207 cum
1903 3133 2235 3209 circuitus
2267 3136 2461 3210 volu·
2517 3193 2520 3198 .

243 3393 278 3431 ⁸
318 3392 451 3454 Vid.
480 3392 605 3455 Od.
635 3400 694 3457 4.
719 3401 779 3455 4.
800 3403 862 3455 et
891 3393 983 3455 14.
1066 3392 1270 3454 stre.

236 3496 275 3570 †
316 3496 504 3558 Irasci
528 3496 610 3556 al.

243 3595 276 3670 ‡
317 3594 589 3678 Elogium
617 3593 695 3656 al.
722 3594 893 3671 male,
933 3603 1102 3677 puto.
1183 3593 1296 3656 Est
1320 3604 1522 3656 autem
1556 3588 1788 3672 Ecloga
1822 3609 1875 3652 3.
1912 3587 2179 3672 Epistola
2205 3585 2336 3650 libri
2363 3592 2456 3650 334

172 3696 331 3756 cundi
353 3698 534 3777 prior.
623 3699 829 3759 stx.

239 3800 270 3876 §
319 3799 474 3860 Hinc
503 3811 743 3861 constat
770 3811 828 3860 et
860 3794 1152 3881 Epistolas
1176 3798 1355 3861 fuisse
1381 3795 1521 3859 olim
1547 3797 1656 3876 pro
1685 3790 1931 3875 Satyris.
1961 3792 2171 3852 BAxr.
2244 3789 2455 3871 Respi-

170 3916 289 3960 oere
308 3905 459 3965 enim
488 3903 728 3965 videtur
760 3903 949 3984 Epist.
980 3910 1037 3966 1.
1058 3912 1117 3966 4.
1145 3916 1300 3967 extr.
1382 3904 1589 3964 Girsu.

242 4014 284 4081 1
316 4004 531 4079 Nemo,
575 4006 736 4086 quod
763 4007 964 4078 sciam,
993 4026 1186 4087 neque
1206 4005 1434 4087 quaerit,
1461 4021 1657 4084 neque
1684 4002 1882 4071 docet,
1911 3996 2051 4078 quid
2079 3994 2156 4055 sit
2182 3993 2241 4053 in
2266 4001 2454 4054 sexta-

178 4102 299 4165 riola
316 4108 586 4168 scribere.
643 4105 796 4166 Nam
826 4106 982 4187 quod
995 4108 1209 4185 jubent
1226 4123 1539 4185 coi-repere
1561 4123 1697 4164 curn
1719 4119 1827 4161 suo
1854 4095 2187 4209 aqualiculo
2214 4104 2452 4173 poetam

182 4199 298 4267 intra
322 4208 733 4278 sextariolum‚
757 4219 1035 4287 tanquam
1065 4206 1122 4266 in
1144 4207 1415 4268 lecticam
1433 4200 1914 4270 lucubratoriam
1943 4196 2065 4257 sive
2097 4194 2453 4265 Cabinetum,

182 4317 238 4363 ut
266 4308 426 4370 bodie
454 4330 758 4381 vocamus,
801 4321 864 4370 et
904 4309 983 4370 ibi
1027 4309 1345 4370 contractis
1373 4305 1628 4386 pedibus
1655 4301 1935 4369 scribere,
1979 4293 2163 4375 Angli
2182 4298 2451 4368 Juvenes‚

176 4425 389 4486 quorum
416 4410 643 4475 deinde
669 4410 978 4474 insectatio
1017 4408 1269 4478 Bentleii
1313 4401 1890 4473 commemorabitur,
1939 4396 2070 4456 illos
2097 4395 2276 4453 risum
2296 4409 2456 4469 quae-

1222 4520 1341 4583 02
