3000 4979
1012 384 1571 462 SERMONUM
1610 392 1759 456 Lm.
1802 388 1855 458 I.
1888 405 1951 459 3.

2519 401 2645 465 307

567 562 797 660 Usque
837 570 917 635 ad
951 570 1118 635 mala
1147 572 1391 647 citaret,
1430 568 1505 634 Io
1540 564 1839 635 Bacche!
1891 567 2356 632 modosumma

570 685 771 760 Voce,
806 681 999 746 modo
1029 681 1174 757 hac,‘
1207 694 1462 745 resonat
1493 702 1638 769 quae
1669 681 1925 745 chordis
1958 663 2235 768 quatuor
2264 682 2410 746 ima.

571 795 682 860 Nil
715 794 962 881 aequale
993 793 1237 857 homini
1268 793 1394 856 fuit,
1418 793 1510 856 illi
1537 817 1553 856 z
1602 815 1771 876 saepe
1802 792 1973 855 velut
2004 792 2113 878 qui

402 916 485 971 10
574 905 899 970 Curi-ebat
929 903 1177 990 fugiens
1209 902 1451 967 bostem
1477 927 1494 979 3
1546 926 1831 988 persaepe
1861 903 2034 967 velut
2066 904 2175 990 qui

561 1016 839 1081 Junonis
871 1038 1051 1079 sacra
1081 1014 1313 1090 ferret3
1360 1014 1643 1079 habebat
1672 1037 1841 1099 saepe
1873 1013 2203 1089 ducent03‚

575 1127 760 1210 Saepe
790 1126 1013 1190 decem
1046 1148 1292 1190 servos:
1343 1125 1539 1189 modo
1570 1148 1751 1213 reges
1782 1142 1973 1212 atque
2004 1124 2370 1201 tetrarchaS‚

566 1235 805 1300 Omnia
835 1259 1087 1322 magna,
1121 1236 1391 1323 loquens
1415 1260 1430 1300 :

1493 1237 1711 1314 mod0,
1750 1238 1849 1302 Sit
1881 1235 2038 1299 mihi
2070 1252 2289 1300 mensa
2319 1235 2537 1319 tripes,
2569 1244 2634 1299 et

573 1346 842 1411 Concha
872 1347 1021 1412 salis
1051 1348 1219 1432 puri,
1253 1362 1315 1412 et
1345 1362 1497 1435 toga
1528 1370 1672 1434 quae
1702 1347 2041 1412 defendere
2072 1347 2292 1435 friguS,

402 1465 480 1522 15
573 1455 882 1533 Quamvis
914 1480 1143 1538 crassa,
1177 1473 1390 1545 queat.
1435 1459 1673 1525 Decies
1702 1472 1972 1524 centena
2002 1458 2286 1523 dedisses

294 1660 330 1710 7
393 1649 583 1696 Bacchae
624 1652 722 1697 edft.
769 1652 901 1699 Med.
941 1662 1084 1711 1477.

369 1726 401 1775 9
435 1716 574 1761 animi
612 1715 702 1763 fuit
739 1716 872 1763 Chab-

370 1782 487 1827 slaeni
507 1779 722 1831 Halebat.

372 1927 401 1975 7
450 1916 597 1964 Citari
635 1918 830 1964 dicuntur
866 1920 943 1981 qni
976 1919 1100 1966 clara
1138 1935 1243 1966 voce
1275 1934 1440 1966 vocan-

294 1992 381 2029 tur
397 2002 415 2027 .-
470 1978 570 2028 hr'nc
606 1991 814 2044 praecones
854 1987 995 2032 citare
1034 1987 1249 2031 dicuntur.
1327 1985 1440 2031 Vct.

294 2046 456 2095 Schol.
490 2048 636 2109 Cruq.
703 2049 795 2095 Pro
831 2053 987 2096 citaret
1023 2048 1274 2107 Bentleius,
1307 2049 1439 2097 solita

292 2129 383 2161 sua
403 2111 586 2172 fiducia,
608 2112 735 2160 nullo
766 2114 849 2160 sub
890 2126 1091 2172 auctore,
1121 2114 1272 2176 posuit
1303 2119 1440 2162 itera-

295 2192 407 2232 πω
458 2178 553 2225 imo
589 2190 636 2225 et
669 2179 845 2238 negavit
881 2196 1008 2242 posse
1042 2181 1130 2227 dici
1162 2183 1298 2227 citare
1333 2181 1439 2228 satis

294 2243 492 2299 Latine,
524 2258 606 2305 pro
625 2247 831 2301 clamare,
850 2260 955 2292 cum
980 2257 1133 2292 tamen
1166 2248 1304 2292 citare
1324 2245 1440 2292 nihil

296 2308 426 2356 aliud
449 2308 507 2356 sit
529 2325 665 2371 quam
683 2327 824 2356 vocem
841 2313 962 2358 ciere.
996 2311 1050 2357 B.
1116 2310 1215 2357 Cic.
1233 2310 1288 2356 de
1307 2312 1440 2357 Orat.

296 2376 340 2421 1.
363 2390 402 2421 c.
421 2386 505 2436 59.
527 2375 664 2421 etiam
685 2378 824 2422 citare
846 2386 913 2423 est
944 2376 1207 2438 frequenter
1240 2390 1441 2438 pronun·

297 2439 438 2487 ciare-
504 2440 568 2487 G.

368 2505 423 2553 Io
447 2502 644 2560 Baccho
679 2502 844 2554 Bacchi
864 2505 1067 2570 hymnus
1087 2517 1333 2569 perpetuus
1344 2501 1442 2553 fere

299 2570 616 2619 conviviorum
656 2586 837 2619 comes:
890 2573 1013 2618 hunc
1047 2584 1199 2619 autem
1238 2572 1442 2618 nominat

299 2634 364 2683 ob
384 2635 623 2683 insaniam.
689 2636 773 2683 an
803 2652 916 2697 opus
936 2648 1005 2683 est
1024 2637 1233 2683 Turnebi
1259 2637 1440 2683 Bacche

299 2702 502 2748 nimium
525 2702 725 2749 caventis
754 2703 809 2748 de
833 2702 1014 2748 Metro.
1080 2701 1132 2765 [1-
1149 2702 1321 2748 Similia
1361 2716 1443 2748 ex-

302 2765 456 2828 empla
491 2765 612 2813 initii
644 2767 852 2814 carminis
881 2768 1218 2813 commemorati
1253 2767 1341 2814 vid.
1373 2782 1445 2828 ap.

300 2832 457 2961 B6ent]l.
494 2834 550 2878 ad
587 2833 632 2878 h.
654 2831 687 2878 l.
722 2843 768 2879 et
790 2830 941 2880 Schol.
963 2831 1203 2894 Aristoph.
1225 2833 1280 2879 ad
1315 2826 1443 2880 Nub.

296 2911 333 2961 9
372 2962 516 3010 Modo
556 2980 748 3017 maura,-
800 2962 831 3009 ἱ.
873 2977 914 3008 e.
959 2956 1103 3009 Modo
1154 2963 1282 3009 clara
1334 2979 1446 3019 voce,

302 3029 424 3074 modo
446 3046 611 3088 crassa,
650 3036 692 3074 et
727 3047 757 3074 a
782 3020 1076 3075 Tetrachorda
1098 3028 1173 3075 boc
1206 3028 1442 3075 desumtmn

303 3092 506 3148 videtur,
540 3097 584 3140 in
629 3111 710 3156 quo
746 3107 808 3140 est
841 3095 1100 3158 gravissimi
1144 3097 1232 3140 soni
1284 3095 1442 3139 chorda

306 3174 405 3220 que
451 3156 603 3208 bede„
633 3158 811 3205 dicitur.
868 3161 973 3204 Vct.
1017 3156 1166 3206 Schol.
1234 3157 1445 3208 '‘ru-dn,

305 3222 495 3269 Saturni
519 3222 653 3270 fuisse
691 3223 888 3272 ostendit
922 3223 1168 3284 Cruquius,
1200 3223 1270 3270 uti
1301 3223 1447 3274 Nae-m

303 3289 482 3336 Luna.
513 3287 568 3334 B.
630 3287 851 3348 Tigellius
871 3289 1010 3335 modo
1024 3288 1233 3335 utebatur
1249 3303 1298 3333 ea
1318 3303 1448 3346 voce,

298 3368 413 3417 quae
434 3368 610 3400 summa
629 3352 799 3402 chorda
837 3347 1156 3409 Tetrachordi,
1188 3351 1248 3417 τῇ
1283 3351 1440 3417 beda-n

297 3430 505 3474 resonat,
544 3418 591 3465 h.
626 3435 666 3466 e.
703 3418 989 3479 gravissimag
1045 3421 1180 3464 modo
1229 3434 1298 3475 ea,
1334 3432 1438 3479 quae

297 3485 396 3531 ima
421 3483 607 3540 chorda,
636 3487 697 3549 τῇ
728 3483 852 3548 νήτῃ,
884 3484 1129 3546 eademque
1167 3483 1441 3539 acutissima,

295 3561 498 3596 resonat.
561 3549 794 3611 Trajectio
831 3549 985 3596 locum
1032 3547 1313 3610 aliquantum
1358 3549 1439 3595 ob-

295 3624 475 3670 scurat,
494 3626 546 3661 ut
570 3614 721 3661 Carm.
746 3626 792 3662 2.
821 3627 893 3673 13.
918 3627 962 3661 1.
1027 3614 1138 3661 Non
1152 3613 1437 3675 jungendum

292 3695 471 3726 suana
492 3696 606 3735 voce,
626 3680 701 3725 sed
723 3697 887 3724 sumna
909 3679 1084 3725 chorda.
1149 3680 1210 3725 G.

369 3756 402 3805 9
442 3743 577 3791 Hanc
621 3743 969 3791 inconstantiam
1005 3743 1190 3806 pulchre
1225 3739 1436 3791 describit

296 3809 442 3857 etiam
467 3809 563 3853 Ser.
581 3821 624 3856 2.
646 3820 689 3866 7.
713 3820 760 3867 7.
828 3809 889 3855 G.

375 3885 440 3920 10
478 3873 613 3920 Κατὰ
650 3874 897 3932 Σύλληψη
934 3874 1142 3933 Figuram
1165 3882 1218 3920 ex
1244 3874 1446 3921 currebat

299 3938 608 4001 supplendum
632 3943 789 3986 currit.
855 3938 962 3986 Hoc
995 3939 1137 3986 voluit
1161 3940 1271 3986 Vct.
1293 3938 1443 3986 Schol.

377 4016 435 4051 11
477 4003 714 4069 Κωηφὸςοι
764 4005 883 4070 apud
923 4004 1196 4052 Athenienses
1250 4005 1440 4068 hodieque

299 4069 523 4127 dicuntur,
575 4073 651 4133 qui
697 4087 826 4115 sacra
879 4073 923 4115 in
976 4074 1113 4131 capite
1157 4079 1354 4133 portant,
1399 4078 1439 4116 et

301 4134 417 4182 lento
433 4135 586 4198 gradu
616 4135 827 4181 incedunt.
889 4135 1000 4182 Vet.
1033 4134 1184 4181 Schol.
1251 4136 1441 4182 Prover-

300 4197 408 4246 biali
462 4198 608 4246 forma
648 4200 744 4247 haec
785 4198 1096 4260 proferuntur,
1132 4201 1362 4261 quomodo
1395 4212 1442 4248 et

298 4261 657 4379 ξῖτςὶἨςωοὸ
674 4261 885 4324 &xitum
916 4259 971 4311 Β.
1038 4265 1175 4311 Conf.
1195 4266 1250 4311 ad
1274 4267 1369 4312 Ser·
1399 4274 1445 4314 2·

336 4363 350 4376 .
375 4343 400 4378 1
440 4362 454 4375 .
523 4333 585 4378 G.
665 4357 672 4367 ·
727 4364 732 4370 .

369 4342 543 4442 Aiebat
562 4395 788 4443 rarissima
811 4385 909 4443 erat⁴
922 4394 1103 4449 Lectio,
1117 4392 1306 4457 ideoque
1325 4410 1440 4457 prae-

297 4459 396 4508 lata
420 4477 445 4507 a
470 4460 701 4523 Bentlcio‚
725 4460 809 4510 etsi
831 4474 877 4510 et
911 4459 996 4510 ista
1030 4460 1306 4510 Membrana
1337 4473 1440 4511 tan·

1214 1647 1244 1697 8
1285 1665 1511 1709 resonans
1554 1651 1684 1699 Glar.

1005 1728 1067 1766 10
1101 1714 1225 1763 velut
1256 1712 1293 1763 si
1327 1710 1480 1763 Lamb.

1814 1662 1991 1698 resonat
2023 1650 2203 1699 chordis
2233 1664 2336 1712 quae
2367 1664 2445 1713 qu.
2476 1646 2635 1695 Lanb.

1614 1729 1669 1764 11
1711 1714 1856 1763 alebat
1885 1717 2032 1763 Bentl.
2062 1735 2117 1763 ex
2148 1717 2371 1779 scriptura
2400 1716 2485 1762 cod.
2520 1715 2571 1761 V
2567 1728 2635 1761 ot·

1504 1925 1605 1967 tuni
1646 1919 1768 1967 illam
1799 1926 2216 1983 repraese'ntaverat‚
2240 1927 2295 1965 ut
2316 1915 2388 1964 vel
2420 1914 2517 1978 ipse
2555 1912 2637 1961 ad·

1503 1996 1656 2032 vertit.

1571 2063 1632 2099 12
1671 2049 1903 2098 Tetrarchae
1935 2051 2135 2097 dicuntur
2173 2050 2250 2113 qm’
2300 2056 2503 2112 quartam
2531 2055 2642 2109 par-

1505 2129 1586 2163 te·
1605 2116 1747 2179 Regni
1765 2113 2098 2180 [Imperatoris]
2119 2115 2288 2162 hahent.
2354 2114 2464 2159 Vct.
2486 2109 2641 2157 Schol.

1503 2182 1717 2241 Regnum
1762 2180 2049 2243 Imperatoris
2091 2180 2299 2244 Judaeam
2346 2177 2484 2225 dicit:
2543 2186 2643 2222 erat

1503 2246 1625 2293 enim
1650 2248 1746 2293 haec
1771 2244 2039 2293 Praesidialis
2055 2244 2315 2301 Provincia,
2329 2256 2376 2291 et
2392 2245 2645 2303 Imperato-

1502 2312 1562 2358 ris
1583 2311 1779 2374 propria,
1805 2327 1911 2361 cum
1942 2322 2123 2357 veteres
2159 2308 2415 2357 Provinciae
2448 2308 2640 2353 Senatus

1506 2388 1670 2432 essent,
1722 2376 1921 2438 adeoque
1966 2375 2314 2423 Proconsulares
2362 2374 2635 2420 dicerentur.

1504 2441 1766 2488 Ludovicus
1789 2441 1991 2504 Desprez
2012 2439 2315 2488 Tetrarch'am'
2353 2437 2464 2486 dicit
2501 2437 2638 2503 Qua-

1507 2521 1602 2555 tuor·
1625 2507 1869 2554 Provinciis
1893 2508 2171 2569 prefectum,
2189 2505 2416 2552 infelicem
2441 2503 2641 2549 Andreae

1505 2571 1689 2619 Daoerii
1731 2586 1927 2619 errorem
1966 2577 2162 2620 secutus.
2228 2570 2350 2636 Qis
2386 2581 2477 2616 non
2522 2568 2641 2614 ferat

1506 2636 1856 2685 homuncionem
1894 2637 1948 2683 de
1986 2636 2148 2683 Trivio
2179 2629 2366 2682 subinde
2389 2633 2651 2698 allucinan-⁴

1507 2714 1620 2759 tem,
1640 2717 1744 2749 cum
1784 2702 1898 2749 tanti
1926 2701 2009 2748 viri
2039 2701 2262 2749 nescirent
2294 2698 2401 2762 quid
2440 2698 2499 2746 sit
2535 2697 2637 2744 Te-

1508 2767 1686 2816 trarcba
1707 2764 1726 2814 3
1762 2767 1817 2814 Β.
1882 2767 2059 2814 Vocem
2082 2768 2366 2830 Imperatoris
2390 2779 2482 2810 non
2504 2763 2641 2810 hahet

1509 2833 1618 2879 Vet.
1640 2832 1792 2879 Schol.
1812 2832 1951 2895 Cruq.
2016 2833 2079 2879 Et
2098 2833 2250 2879 turbat
2273 2846 2323 2876 ea
2354 2828 2642 2884 sententiam,

1510 2897 1595 2943 nisi
1634 2898 1765 2943 addas
1800 2897 2086 2962 Imperatoris
2121 2913 2327 2951 concessu,
2378 2893 2451 2940 vel
2504 2893 2645 2939 indul-⁶

1502 2956 1669 3025 gentio,
1690 2955 1759 3008 vel
1780 2962 1870 3008 tale
1890 2964 2014 3023 quid.
2076 2962 2151 3008 De
2172 2957 2414 3023 provinciis
2447 2956 2647 3006 Caesaris

1511 3038 1557 3073 et
1589 3028 1780 3073 Senatus
1800 3027 1874 3072 hic
1897 3027 2109 3088 disputari
2136 3041 2228 3073 non
2260 3023 2464 3079 debehat,
2494 3035 2641 3083 neque

1508 3091 1596 3139 hoc
1619 3093 1768 3139 modo.
1831 3090 1942 3138 Vid.
1974 3091 2219 3153 Spanhem.
2281 3089 2405 3135 Diss.
2437 3100 2513 3147 ¹3·
2545 3087 2646 3132 Te·

1510 3156 1706 3204 trarchas
1745 3155 1939 3203 habuere
1969 3155 2235 3215 Gallograeci
2275 3165 2519 3215 antequam
2552 3151 2647 3198 iura

1507 3222 1618 3285 perii
1642 3223 1734 3268 Ro.
1753 3237 1855 3283 pars
1868 3232 2017 3268 essent
2039 3231 2124 3267 etc.
2192 3221 2256 3266 G.

1578 3299 1638 3347 13
1676 3289 1866 3349 Loquens
1882 3306 1899 3333 .·
1948 3287 2170 3351 Loquendo
2206 3282 2478 3332 imitabatur.
2531 3274 2643 3328 vet.

1506 3351 1656 3400 Schol.
1679 3352 1821 3414 Cruq.

1572 3418 1739 3465 Mensa
1759 3420 1891 3481 tripes
1910 3439 1926 3472 ‚-
1969 3418 2138 3465 Mensa
2164 3417 2380 3481 Delphica
2404 3411 2639 3474 (pauperi-

1505 3499 1637 3532 orum
1661 3481 1875 3545 propria).
1942 3484 2016 3529 Sic
2036 3496 2085 3530 et
2105 3484 2218 3529 Vct.
2243 3479 2394 3528 Schol.
2414 3479 2556 3539 Cruq.

1572 3557 1632 3605 14
1671 3548 1835 3594 Concha
1876 3551 1984 3597 salis
2003 3569 2020 3603 ,-
2069 3548 2352 3611 Pauper-iores
2383 3547 2429 3589 r’n
2467 3545 2642 3590 man’nd

1500 3613 1656 3661 concha
1688 3614 1819 3660 salem
1859 3618 2011 3661 tre'tmn
2046 3612 2205 3659 babere
2237 3611 2386 3666 solent,
2424 3627 2503 3672 quo
2542 3619 2642 3656 eund

1491 3690 1613 3744 pane
1649 3692 1897 3727 vescantur.
1953 3680 2068 3724 Vct.
2090 3676 2241 3724 Schol.
2310 3675 2416 3721 Cum
2439 3675 2530 3721 tale
2551 3687 2638 3739 pa-

1502 3748 1566 3790 nis
1611 3746 1867 3791 Latronem
1922 3746 2180 3790 stomachum
2230 3741 2328 3788 bene
2372 3740 2532 3795 leniet:
2584 3751 2640 3787 ut

1512 3809 1575 3856 ait
1597 3809 1703 3856 alias
1727 3821 1896 3856 noster.

1576 3875 1694 3921 Puri
1710 3895 1727 3926 ‚0
1777 3886 2041 3935 perpetuum
2076 3871 2178 3920 salis
2210 3868 2488 3933 Epitheton:
2542 3869 2641 3916 Pu-

1509 3958 1605 3986 rum
1627 3950 1667 3986 et
1686 3942 1777 3986 st'ne
1794 3940 1890 3986 labe
1920 3941 2103 3985 salinum
2122 3955 2139 3994 ,·
2181 3951 2285 3984 nam
2310 3947 2356 3983 et
2382 3935 2640 3994 religiosum

1507 4004 1673 4052 dicitur
1690 4020 1869 4066 purum.
1935 4004 2062 4065 Quin
2086 4015 2132 4049 et
2152 4001 2344 4048 salinum
2362 3999 2524 4062 patella
2541 4012 2641 4047 erat

1505 4071 1693 4116 deorum
1718 4070 1937 4124 manium,
1958 4084 2047 4130 qua
2069 4081 2222 4115 mensa
2254 4066 2505 4112 consecrari
2527 4079 2641 4112 con-

1506 4147 1724 4182 sueverat.
1790 4135 1944 4180 Potest
1980 4146 2027 4181 et
2072 4133 2212 4179 inesse
2250 4131 2452 4190 Dilogia,
2487 4141 2539 4177 ut
2578 4131 2640 4177 sit

1498 4205 1606 4264 puri
1635 4200 1772 4246 etiam
1807 4214 1891 4260 pro
1922 4200 2127 4263 simplicis
2159 4209 2205 4244 et
2240 4199 2330 4243 εἰπε
2364 4195 2637 4242 condimentis

1509 4266 1629 4327 quod
1653 4262 1828 4326 putavit
1865 4265 1975 4310 Vct.
2012 4262 2163 4310 Schol.
2224 4259 2473 4308 Delicatuli
2508 4261 2635 4307 enim

1509 4343 1554 4376 et
1576 4328 1842 4378 condiebant
1863 4329 1945 4376 sibi
1968 4328 2120 4376 salem.

1574 4407 1633 4455 15
1668 4395 1835 4442 Decies
1870 4407 2059 4449 centena,
2101 4391 2256 4455 supple
2294 4389 2438 4437 millia
2477 4400 2638 4437 sester·
2705 4419 2713 4428 ι

1505 4456 1686 4573 tisim.X
1702 4463 1852 4510 Docte
1867 4458 2281 4509 monctTurnebus
2294 4457 2532 4504 Romanos
2547 4454 2641 4503 usi·

1708 4537 1738 4575 2
