3000 4979
780 284 787 295 ’
864 287 1429 357 CARMINUM·
1472 288 1623 357 Lm.
1660 293 1712 360 Ι.
1745 288 1834 361 3.
2099 355 2106 365 ,
2412 324 2418 337 ·
2462 298 2505 361 9

281 481 352 537 15
444 468 598 546 Quo
628 486 762 531 non
792 464 1031 530 arbiter
1060 465 1285 530 Adriae

530 576 769 663 Major,
815 573 1043 640 tollere
1075 581 1189 640 s'eu
1214 596 1455 660 ponere
1486 576 1624 640 vult
1652 575 1828 643 freta.

448 688 658 766 Quem
691 684 913 749 mortis
944 683 1156 749 timuit
1184 684 1489 773 gradum,
2211 736 2220 741 .

535 795 673 873 Qui
702 794 884 860 siccis
910 792 1121 860 oculis
1145 806 1428 859 monstra
1453 795 1759 873 natantia,
2145 840 2150 847 ·
2331 804 2356 855 s.
2380 800 2410 849 '-

447 906 582 984 Qui
610 905 770 969 vidit
801 926 977 969 mare
1008 904 1354 983 turbidum,
1401 916 1466 969 et
1975 906 1979 911 ’
2059 904 2064 909 ’

284 1027 367 1082 20

543 1014 823 1081 Infames
847 1015 1161 1100 scopulos,
1207 1012 1732 1081 Acroceraunia?

458 1125 937 1213 Necquicquam
967 1126 1147 1191 Deus
1176 1125 1459 1196 abscidit.

540 1235 833 1300 Prudens
854 1235 1118 1301 Oceano
1147 1234 1532 1300 dissociabili

452 1343 715 1423 Terras,
763 1346 817 1410 si
846 1357 1057 1411 tamen
1086 1345 1299 1431 impiae
1368 1398 1373 1405 .

549 1455 702 1520 Non
735 1455 1059 1543 tangenda
1088 1466 1253 1520 rates
1283 1452 1650 1519 transiliunt
1679 1453 1861 1519 vada.

286 1572 369 1629 25
461 1563 720 1629 AUDAx
756 1567 971 1630 omnia
1013 1567 1261 1651 perpeti

549 1672 729 1739 Gens
758 1675 1038 1741 humana
1067 1675 1197 1739 ruit
1222 1696 1338 1760 per
1366 1675 1631 1740 vetitum
1662 1673 1876 1738 nefas:

208 1847 267 1898 18
298 1848 432 1898 rectis
454 1850 607 1898 Benrl.
621 1852 727 1915 conj.
746 1851 844 1899 fixis
871 1855 979 1917 conj.
996 1852 1220 1907 Sanadon.

1349 1864 1410 1915 19
1443 1850 1675 1898 turbidum
1695 1854 1825 1898 etiam
1849 1851 1934 1898 Br.
1958 1834 2187 1909 turgidum
2211 1850 2529 1914 anuodforte

259 1917 355 1962 nel.
387 1917 453 1962 G.
520 1916 673 1963 Etiam
717 1916 833 1965 MS.
876 1919 1049 1975 Benna
1085 1933 1129 1967 ee
1169 1917 1253 1964 alia·
1286 1916 1393 1964 *libri
1432 1917 1562 1962 num
1601 1918 1706 1962 dant
1746 1915 2008 1962 turbidum:
2063 1923 2115 1960 at
2153 1916 2384 1975 turgidum
2429 1917 2531 1964 edd.

266 1983 479 2028 Glarean.
498 1981 661 2027 Lmss.
695 1991 738 2028 et
771 1983 881 2030 alie.
946 1984 1010 2031 Ζ.

214 2078 223 2085 -
266 2046 407 2095 Beul.
430 2046 606 2094 Talbot.
625 2046 720 2094 rell.

128 2254 131 2257 .
201 2196 360 2244 coelum
383 2208 570 2246 notant.
601 2198 713 2247 vid.
729 2197 916 2248 Colum.
938 2214 1016 2250 11.
1036 2213 1083 2251 α.
1099 2213 1240 2262 34.et
1261 2200 1341 2264 36.

201 2261 294 2309 112
312 2263 438 2309 enim
462 2276 574 2311 sunt
594 2264 776 2313 Suculae.
839 2267 903 2313 G.

267 2340 328 2386 15
361 2328 561 2376 Arbiter
583 2331 725 2393 judex
761 2339 823 2378 est
844 2332 930 2394 qui
962 2334 1090 2379 totius
1126 2334 1191 2379 rei
1202 2376 1205 2381 ,
1218 2332 1343 2381 habet

193 2391 437 2439 ‘arbitriu-
463 2392 806 2457 etfacultatm.
837 2397 1011 2444 Festus.
1074 2396 1181 2445 Hoc
1202 2398 1343 2447 adno-

204 2457 312 2505 tavit
335 2459 583 2506 Antonius
600 2459 929 2510 Mancinellus.
993 2461 1050 2510 B.

270 2536 329 2581 17
363 2524 575 2571 Gradu·
596 2524 644 2570 h.
665 2540 704 2572 e.
733 2542 885 2586 genus.
957 2528 1125 2575 Sensus
1156 2540 1241 2585 est,
1272 2530 1347 2576 Ne

205 2588 402 2636 maxime
428 2589 642 2637 miseram
665 2591 847 2653 quidem
870 2604 916 2640 et
936 2591 1209 2641 horrendam
1225 2609 1349 2640 mor-

116 2689 117 2698 ,
204 2664 298 2700 tem
322 2653 663 2701 reformidavit.
730 2657 794 2704 Ζ.

273 2715 437 2780 1sssq

438 2718 593 2765 uidem
617 2734 710 2766 non
731 2720 878 2779 video,
908 2737 987 2768 cur
1003 2722 1101 2784 quis
1117 2734 1352 2785 praeponat

206 2782 405 2830 Bentleii
470 2786 599 2831 recti!
652 2786 777 2832 oculis
835 2785 1014 2846 vulgato
1051 2790 1169 2834 siccis
1212 2791 1354 2836 oculis.

208 2849 349 2895 Certe
374 2848 647 2896 timentium
681 2862 750 2897 est
780 2850 1010 2898 lacrimare
1044 2853 1183 2912 magis
1216 2869 1351 2915 quam

206 2912 363 2961 oculos
387 2926 617 2961 avertere.
652 2913 777 2976 Quid
797 2917 917 2978 quod
940 2931 1019 2978 pro
1042 2917 1167 2964 nobis
1183 2917 1353 2964 faciant

203 2977 335 3025 Editi
354 2978 493 3024 Libri
510 2991 560 3026 et
582 2977 907 3029 Membranae?
940 2981 994 3028 B.
1045 2982 1199 3029 Rectos
1220 2983 1353 3030 oculos

204 3042 523 3154 fulcherrime
536 3043 628 3092 huc
641 3045 898 3103 convenire,
909 3045 1039 3093 facile
1051 3045 1200 3094 effecit
1213 3048 1356 3095 Bent-

227 3107 363 3165 eius3
398 3107 479 3154 sed
502 3124 593 3155 non
615 3110 821 3172 perfecit,
847 3122 900 3157 ut
919 3127 1097 3160 necesse
1119 3111 1178 3160 sit
1200 3112 1355 3159 Hora-

205 3172 336 3220 tium
360 3172 430 3218 ita
444 3173 677 3235 scripsisse.
740 3175 931 3222 Metum
954 3192 1133 3240 quoque
1155 3193 1255 3227 suas
1274 3177 1356 3225 ha-

196 3237 320 3285 bere
368 3236 603 3296 lacrimas,
629 3239 730 3301 quis
766 3238 978 3300 ignorat?
1025 3242 1157 3290 sortis
1192 3242 1267 3288 ille
1309 3254 1357 3289 et

204 3303 380 3361 audax,
412 3302 514 3360 cui,
545 3318 651 3366 quae
685 3316 913 3367 stuporem
937 3305 1036 3354 aliis
1061 3306 1273 3365 afferunt,
1303 3323 1359 3354 ne

204 3370 460 3416 excutiunt
514 3368 704 3430 quidem
752 3370 970 3418 lacrimas.
1055 3373 1182 3418 Finis
1235 3373 1362 3419 oculis

205 3434 449 3496 displicuit
467 3434 765 3495 Cuningamo
779 3436 858 3497 qui
878 3435 1167 3496 excogitarat,
1180 3453 1205 3483 a
1222 3439 1363 3484 Sana·

205 3498 332 3547 dono
353 3511 623 3562 receptum.
689 3501 752 3547 G.
1220 3523 1225 3532 ·

278 3577 342 3626 19
383 3566 546 3621 Vidit,
575 3579 700 3611 nunc
727 3565 923 3626 positum
952 3581 1035 3628 pro
1060 3569 1246 3631 aspexit,
1273 3583 1366 3629 quo

213 3632 355 3676 modo
378 3629 608 3683 Ovidius,
633 3629 866 3693 Caelmque
886 3634 1030 3678 videre
1055 3633 1219 3694 Jussit.
1280 3633 1366 3679 Est

209 3707 367 3743 autem
386 3694 640 3750 rur-bidan,
660 3696 782 3757 quod
802 3697 851 3742 in
878 3695 988 3742 Vet.
1009 3696 1159 3742 Schol.
1178 3707 1225 3743 et
1247 3697 1367 3742 Cru-

212 3760 310 3823 quii
343 3759 508 3806 MSS.
542 3773 626 3820 pro
666 3762 879 3823 turgidam
897 3759 1105 3821 legimus,
1141 3777 1227 3810 vox
1261 3760 1368 3808 huic

211 3824 314 3872 loco
336 3823 782 3871 convenientissima
803 3835 936 3886 atque
954 3825 1172 3873 efficacior
1188 3825 1338 3873 altera.

279 3902 346 3939 20
379 3887 620 3937 Lutatius
645 3889 854 3936 Placidus
876 3890 981 3950 legit
1012 3892 1131 3937 Alta
1156 3892 1370 3938 Ceraunia

218 3967 265 4002 et
313 3956 557 4003 Ceraunia
598 3965 669 4001 est
705 3955 823 4016 apud
859 3954 971 4003 Ver.
1006 3955 1156 4002 Schol.
1219 3955 1292 4002 Sic
1323 3967 1372 4003 et

216 4020 349 4083 virg.
372 4018 608 4080 Georgic.
620 4017 768 4081 primo
784 4030 836 4067 ut
852 4020 1082 4068 adnotavit
1099 4020 1165 4067 H.
1182 4019 1373 4081 Stepha-

220 4102 319 4135 nus.
386 4087 729 4132 Acroceraunia
761 4100 816 4131 ex
851 4085 1133 4133 Glossemate
1154 4097 1239 4140 est,
1267 4085 1372 4147 quia

225 4150 477 4213 vulgatius.
545 4149 623 4195 De
662 4149 776 4197 Alea
822 4149 1036 4196 Ceraunia
1079 4149 1195 4196 nihil
1235 4150 1374 4197 refert

228 4212 416 4277 Rigare,
431 4213 532 4262 etsi
550 4214 757 4262 videatur
770 4215 909 4274 magis
920 4214 1118 4263 Poeticae
1134 4214 1378 4276 varietatis,

235 4295 358 4341 quam
380 4281 640 4340 vulgatum
666 4281 1000 4327 Acroceraunia.

298 4359 357 4396 22
390 4346 711 4394 Dissociabile's
738 4359 858 4393 nunc
884 4345 1049 4392 Active
1081 4345 1264 4401 dicitur,
1299 4360 1379 4405 pro

241 4425 291 4458 eo
306 4413 382 4476 qui
403 4411 545 4460 valet
566 4409 821 4458 dissociare.
884 4409 1153 4459 Horatianae
1192 4411 1380 4475 Syntaxi

1138 1994 1203 2032 20
1233 1980 1573 2032 Acroceraunia
1608 1981 1727 2029 Gote.
1753 1990 1795 2029 er
1828 1981 1947 2028 Flor.
1983 1977 2123 2037 1482.
2185 1982 2365 2048 Recepit
2400 1984 2530 2030 etiam

1404 2202 1544 2264 magis
1587 2200 1800 2250 convenit
1829 2200 2111 2258 dissociabili,
2161 2210 2373 2249 consueta
2425 2199 2534 2247 huic

1404 2268 1622 2330 Scriptori
1651 2264 1920 2330 Hypallage,
1950 2280 2086 2327 quam
2117 2265 2407 2313 eruditissimi
2429 2263 2536 2311 Viri

1404 2332 1685 2380 dissociabile:
1722 2334 1776 2378 de
1821 2330 2002 2392 proprio
2038 2330 2218 2391 ingenio
2253 2342 2454 2378 tantum.
2484 2330 2539 2376 B.

1402 2396 1554 2445 ‘Recte
1589 2397 1823 2444 Baxterus.
1886 2394 1962 2441 Ne
1998 2395 2099 2457 quis
2135 2395 2390 2444 offendatur
2415 2394 2538 2440 inso-

1408 2462 1567 2521 lentia,
1595 2473 1675 2510 aut
1696 2460 1826 2524 plane
1851 2459 2096 2508 Harduino
2128 2461 2298 2518 credat,
2323 2475 2418 2508 esse
2449 2458 2539 2518 hoc

1410 2529 1669 2585 barbarum,
1705 2539 1752 2574 et
1788 2524 1986 2573 Horatio
2029 2526 2282 2586 indignum,
2320 2539 2543 2588 ponamus

1412 2594 1607 2640 indicem
1641 2591 1804 2640 talium
1838 2589 2175 2651 adjectivorum,
2206 2606 2309 2652 quae
2345 2588 2542 2637 activam

1404 2657 1780 2719 ‚significationem
1817 2656 2000 2713 habere,
2031 2669 2083 2702 ut
2114 2655 2201 2702 alia
2219 2668 2411 2711 taceam,
2439 2654 2544 2700 the-

1415 2737 1567 2771 saurus
1591 2734 1743 2768 noster
1764 2721 1911 2768 docet.
1942 2721 2057 2767 Sunt
2080 2733 2251 2778 autem,
2268 2719 2546 2782 quta-obser·-

1418 2789 1623 2834 vavimus
1639 2787 1754 2844 istaz
1783 2786 2069 2849 Αιῇιιίαύἱίῐε,
2086 2787 2254 2848 agilis,
2265 2784 2551 2848 Apertibilt‘s,

1416 2852 1718 2908 Delectabilis‚
1737 2851 1962 2907 Delebilis,
2001 2851 2346 2914 Exsuperabr'lis,
2369 2851 2548 2904 Facilis,

1417 2916 1653 2974 Falle'bilis,
1670 2918 1884 2980 Fragilis,
1897 2915 2191 2972 Favombilis,
2205 2916 2234 2960 I
2233 2914 2551 2973 llacrimabilis,

1415 2982 1696 3046 Impetibilis‚
1731 2979 2046 3045 lupen-abilis,
2080 2979 2390 3043 Incoge'tahilis‚
2419 2979 2551 3026 Indo-

1416 3050 1532 3104 cilis,
1560 3046 1806 3100 Instahflis,
1833 3044 2122 3102 Insatiabilis,
2152 3046 2440 3104 Inwtestabilis,
2470 3044 2552 3088 In-

1419 3111 1672 3167 tolerabilis,
1706 3110 1969 3167 Irritahilis,
2007 3109 2239 3166 Litubilis,
2278 3108 2558 3172 Offinsibilis,

1421 3176 1652 3232 Paeimis,
1669 3174 1975 3230 Penetrabt'lis,
1999 3174 2250 3230 Flammis,
2263 3173 2559 3236 Reparabilt's,

1422 3241 1712 3305 Sefflcahilt's,
1730 3237 1979 3296 Terribilis,
2016 3241 2068 3286 V
2063 3240 2266 3294 incibilis,
2295 3238 2347 3283 V
2343 3236 2558 3283 ulnerahi-

1422 3309 1495 3363 lis,
1528 3315 1575 3352 et
1595 3306 1714 3351 sorte
1736 3303 1878 3365 plura.
1943 3305 2127 3351 Interim
2158 3318 2240 3350 nec
2273 3301 2556 3350 dissociabile:

1424 3382 1570 3418 terras
1611 3368 1825 3425 Bentleii,
1865 3384 1948 3416 nec
1996 3368 2253 3416 dinociabile
2292 3365 2556 3413 adverbium

1426 3435 1720 3494 Cuningami,
1754 3435 1965 3481 damnare
2006 3434 2165 3482 ausim.
2228 3433 2302 3480 De
2341 3431 2559 3480 amabilis

1428 3515 1535 3548 mox
1568 3515 1607 3547 1.
1626 3513 1674 3559 5.
1698 3510 1773 3546 10.
1838 3501 1901 3546 G.

1496 3577 1557 3624 23
1592 3565 1746 3629 Inpiae
1778 3572 1912 3622 rates,
1941 3563 2047 3628 quia
2069 3573 2427 3625 naturam,opus
2450 3560 2565 3620 Dei,

1429 3630 1615 3679 violant.
1679 3631 1741 3676 G.

1496 3707 1560 3751 24
1595 3694 1867 3742 Transuiunt
1917 3708 1997 3755 per
2049 3704 2379 3755 contemptum.
2461 3690 2564 3739 Non

1429 3759 1649 3823 tangenda
1680 3774 1741 3806 sc.
1771 3759 1829 3808 ob
1866 3759 2102 3806 consilium
2134 3758 2246 3815 Dei,
2280 3759 2413 3806 Vada
2446 3756 2494 3804 h.
2525 3771 2566 3804 e.

1433 3839 1572 3871 mare.
1638 3824 1701 3870 Z.

1499 3901 1559 3947 25
1595 3889 1690 3949 Qui
1728 3890 1865 3936 ardua
1907 3899 1954 3936 et
1997 3886 2193 3935 difficilia
2236 3887 2569 3947 aggrediuntur,

1434 3954 1580 4000 multa
1602 3954 1931 4014 perpetiuntur.
1995 3954 2118 4014 Quid
2142 3967 2255 4013 opus
2275 3963 2341 4000 est
2363 3952 2569 3999 Danielis

1437 4017 1620 4064 Heinsii
1641 4015 1963 4066 Hellenismo?
1999 4018 2053 4065 B.
2134 4018 2312 4080 Nempe
2332 4018 2395 4064 ait
2417 4016 2572 4063 Hein-

1436 4083 1547 4138 sius,
1564 4082 1611 4128 h.
1648 4083 1679 4129 l.
1704 4086 1874 4147 perpeti
1892 4098 1986 4130 csse
2006 4099 2151 4146 agere,
2181 4095 2232 4131 ut
2263 4078 2467 4145 «Arzus
2484 4097 2571 4143 pro

1438 4150 1569 4195 τηιῖι
1590 4160 1818 4208 ponatur:
1847 4149 1971 4210 quod
2001 4164 2084 4196 nec
2118 4148 2172 4195 de
2208 4150 2376 4196 Graeco
2407 4161 2570 4194 verum

1441 4228 1536 4260 esse
1557 4212 1764 4260 arbitror.
1829 4215 1892 4259 G.

1506 4275 1570 4325 26
1606 4278 1797 4325 Veritatis
1817 4276 2070 4341 'ufai-,ideo
2085 4278 2228 4337 nefas,
2239 4278 2343 4342 quia
2367 4295 2389 4326 a
2414 4289 2574 4325 natura

1446 4342 1656 4390 vetitum.
1702 4345 1764 4389 G.
1828 4344 1957 4397 Ruit,
1997 4343 2143 4392 fertur
2179 4357 2368 4404 temere,
2411 4355 2575 4392 natura

1446 4420 1494 4457 et
1514 4407 1681 4468 legibus
1704 4408 1795 4456 Dei
1817 4408 2044 4472 neglectis.
2105 4409 2171 4457 Z.
