3000 4979
393 218 515 278 104
988 215 1075 293 Q.
1123 212 1541 285 HORATII

1279 640 1536 725 ODE

1592 217 1931 286 FLACCI

1595 640 1828 721 XVI.

1276 854 1376 903 AD
1409 853 1815 910 GROSPHUM,

391 1000 589 1064 Magnas
609 1011 702 1064 opes
723 1009 765 1047 et
783 984 942 1049 cissviliae
963 1004 1130 1066 negotia
1149 1002 1206 1050 ab
1232 1002 1443 1064 inperitis

1473 1007 1625 1067 appeti
1649 1000 1781 1053 solere
1794 1027 1811 1059 ‚-
1857 1024 1901 1053 se
1930 1015 2068 1054 autem
2097 1011 2247 1075 exiguo
2272 1030 2373 1061 rnre
2399 1017 2592 1081 doctoque
2623 1021 2716 1068 ott‘o

452 1067 616 1113 bearun-
638 1067 778 1112 sentit.
843 1067 900 1113 In
921 1066 1002 1113 bac
1026 1068 1108 1114 Ode
1132 1068 1376 1132 Pompeium
1402 1068 1647 1131 Grosphm
1670 1068 1923 1118 Siciliensem
1944 1072 2204 1136 alloquitur,-
2240 1077 2316 1126 De
2331 1097 2413 1143 qno
2433 1084 2538 1128 vide
2562 1082 2716 1149 Epist.

458 1142 535 1179 ια.
557 1130 656 1178 Lib.
675 1131 722 1177 1.
785 1130 985 1193 (Optant
1005 1132 1186 1193 quidem
1218 1146 1394 1187 ornnes,
1425 1145 1585 1191 nauta,
1612 1134 1787 1192 Thrax,
1813 1136 2005 1192 Medus,
2026 1140 2195 1196 otium,
2227 1141 2273 1188 h.
2299 1160 2339 1190 e.
2370 1146 2645 1195 vacuitatem
2679 1166 2712 1197 a

439 1195 573 1243 'curia
594 1205 640 1242 et
662 1195 898 1252 molestiis,
917 1197 992 1243 aed
1014 1196 1129 1243 hanc
1153 1211 1244 1244 non
1266 1198 1377 1244 dant
1396 1196 1587 1257 divitie,
1603 1215 1694 1247 non
1711 1198 1925 1258 honores,
1940 1218 2033 1249 non
2046 1204 2208 1265 palatia
2224 1209 2475 1268 magnifica,
2488 1210 2583 1258 sola
2597 1228 2715 1261 vero

452 1260 736 1308 rnediocritas
755 1260 899 1316 affert,
920 1261 955 1307 ai
981 1261 1080 1323 quis
1100 1260 1211 1309 liber
1232 1261 1286 1308 ab
1309 1261 1491 1308 avaritia
1512 1264 1665 1325 paucis
1684 1277 1927 1313 contentus
1942 1267 2068 1315 vivit.
2132 1270 2234 1318 Nec
2246 1285 2313 1320 est
2328 1276 2472 1335 quod,
2485 1291 2591 1323 cum
2612 1278 2715 1326 vita

451 1325 510 1375 sit
532 1324 695 1382 brevia,
715 1325 859 1373 multa
880 1337 1141 1388 appetamus
1160 1339 1206 1374 et
1226 1326 1418 1374 habendi
1432 1329 1572 1386 gratia
1586 1329 1903 1378 remotissimas
1919 1332 2129 1381 adeamua
2144 1347 2300 1384 terras.
2364 1339 2486 1386 Nam
2506 1340 2569 1387 ita
2586 1357 2715 1390 curae

451 1390 588 1436 etiam
610 1402 733 1437 extra
755 1386 946 1452 patriam
965 1404 1242 1452 aequuntnr.
1307 1391 1482 1440 Contra
1500 1394 1681 1442 animua
1702 1395 1830 1443 bonia
1854 1397 2151 1458 praesentibus
2178 1413 2419 1450 contentus
2448 1417 2540 1451 non
2576 1419 2716 1455 curat

450 1454 627 1510 futura,
644 1465 691 1501 et
712 1470 786 1503 rea
806 1454 1016 1503 molestas
1036 1455 1126 1504 fert
1145 1471 1281 1519 aequo
1302 1455 1470 1503 animo.
1534 1459 1654 1507 Nam
1675 1475 1852 1508 aumma
1864 1461 2057 1510 felicitas
2071 1464 2119 1510 in
2134 1463 2381 1513 humanam
2398 1469 2716 1519 conditionem

450 1536 542 1566 non
565 1519 711 1577 cadit3
739 1520 784 1566 id
802 1522 928 1582 quod
947 1532 1072 1582 patet
1091 1521 1307 1581 exemplia
1327 1522 1522 1571 Achillia
1547 1535 1596 1570 et
1625 1524 1851 1584 Tithoni3
1896 1538 2032 1589 atque
2047 1529 2234 1577 foraitan
2272 1532 2383 1579 mihi
2413 1533 2495 1596 ipsi
2539 1535 2715 1598 aliquid

448 1585 544 1632 laeti
563 1585 810 1643 continget,
829 1586 950 1648 quod
969 1586 1051 1633 tibi
1071 1588 1242 1634 deerit:
1293 1586 1379 1634 tibi
1403 1589 1483 1649 qui
1519 1588 1766 1637 ditissimus
1787 1606 1858 1650 ea;
1887 1592 2017 1649 mihi,
2048 1594 2128 1657 qui
2150 1610 2317 1658 pauper
2345 1614 2462 1656 aum,
2492 1599 2720 1648 facultate

448 1652 639 1699 Graecoa
674 1649 876 1698 imitandi
917 1650 964 1696 in
999 1653 1270 1700 carminibus
1302 1652 1548 1700 levioribus
1580 1656 1795 1716 praeditua
1831 1667 1881 1704 ct
1915 1657 2071 1706 animo
2098 1659 2318 1709 humilem
2350 1664 2713 1713 obtrectatorum

444 1715 785 1765 multitudinem
812 1717 1064 1778 spernendi.
1129 1717 1215 1779 Z.)

1292 1847 1492 1895 Metram
1516 1846 1793 1913 Sapphica·-

643 1998 887 2064 O‘rmM
918 1997 1098 2062 divos
1131 2010 1315 2085 rogat
1344 1998 1412 2061 in
1444 2000 1690 2083 patenti

638 2107 916 2173 Prensus
946 2107 1202 2197 AEgae0‚
1235 2109 1421 2174 simul
1452 2122 1592 2176 atra
1623 2111 1823 2175 nubes

639 2214 948 2283 Condidit
983 2219 1257 2297 Lunam,
1290 2242 1498 2307 neque
1538 2234 1717 2287 certa
1744 2220 1992 2309 fulgent

982 2329 1208 2396 Sidera
1237 2331 1485 2409 nautis;

466 2444 505 2499 5
642 2437 867 2502 Otium
899 2439 1072 2506 bello
1103 2441 1342 2508 furiosa
1374 2441 1654 2520 Thrace,

639 2548 865 2614 Otium
899 2549 1084 2617 Medi
1115 2552 1421 2638 pharetra
1449 2552 1691 2629 decori,

644 2655 967 2746 Grospbe,
1000 2683 1132 2726 non
1163 2662 1436 2750 gemmis
1469 2683 1679 2748 neque
1709 2680 2136 2746 purpura-ve-

983 2771 1128 2836 nale
1156 2794 1276 2838 nec
1306 2793 1485 2836 auro.

381 2974 408 3010 1
453 2963 556 3012 Vid.
596 2977 684 3013 not.
810 2979 843 3017 2
881 2968 1061 3016 Preaaua
1097 2969 1191 3017 coll.
1222 2967 1336 3017 Sax-
1374 2969 1536 3017 Zam-

1665 2978 1693 3027 3
1736 2965 1895 3013 lumen
1922 2963 2016 3013 coll.
2047 2963 2162 3012 Sax.
2290 2964 2320 3015 8
2346 2980 2494 3028 neque
2539 2967 2707 3019 Lan-5.

1458 3046 1503 3081 er
1525 3030 1628 3079 Ian.

782 3184 922 3235 ODE
955 3186 1097 3234 xvl.

446 3259 470 3295 ι
499 3247 639 3295 Otium
673 3263 767 3296 non
802 3251 970 3299 rectiua
998 3249 1220 3312 intelligas
1247 3250 1339 3306 hic,
1367 3264 1502 3313 quam

375 3310 412 3358 ai
435 3311 603 3372 cogites
635 3316 793 3377 negotio
829 3315 1014 3377 opponi,
1049 3327 1271 3376 quatenua
1297 3315 1352 3360 de
1376 3314 1506 3362 omni

375 3376 582 3424 molestia
602 3389 650 3424 et
679 3378 1012 3439 perturbatione
1044 3379 1211 3428 dicitur
1241 3394 1288 3425 v.
1321 3396 1364 3440 g.
1385 3397 1508 3444 nego·

377 3442 488 3488 tr'uaa
508 3442 643 3490 alicui
647 3443 881 3506 facessere.
945 3444 1010 3490 G.

451 3506 626 3554 Patent?
655 3510 746 3555 sine
775 3507 916 3555 litoris
941 3507 1121 3572 alicujus
1148 3515 1334 3570 aspectu.
1396 3509 1509 3554 Vct.

378 3569 532 3618 Schol.
609 3571 813 3620 Terrible
863 3571 1129 3635 Epitheton.
1205 3572 1406 3637 Notum·
1439 3582 1509 3618 eat

379 3634 598 3695 AEgaeum
636 3652 762 3684 mare
797 3653 890 3686 esae
916 3636 1120 3699 procellis
1151 3635 1389 3683 famosum.
1453 3634 1511 3683 B.

380 3698 586 3748 Placeret
620 3701 708 3750 hoc
742 3702 992 3765 epitheton,
1027 3701 1063 3749 ai
1102 3702 1157 3748 de
1198 3701 1384 3748 Oceano
1432 3700 1508 3747 vel

377 3779 646 3827 quacunque
710 3766 846 3814 maria
908 3779 1033 3830 parte
1095 3765 1318 3813 diceretur
1380 3765 1507 3814 inau-

378 3827 435 3875 lia
476 3829 844 3893 infrequentiore,
876 3843 924 3880 et
962 3831 1021 3879 ob
1062 3829 1203 3893 ipsam
1251 3830 1507 3879 vastitatem

375 3893 581 3943 terribili.
642 3897 766 3961 jam,
783 3912 890 3944 cum
910 3895 984 3944 vel
1004 3896 1198 3944 maxime
1213 3895 1314 3943 ideo
1332 3894 1510 3957 procel-

376 3958 526 4007 losum
546 3959 607 4008 ait
627 3975 750 4009 mare
767 3962 1006 4022 AEgaeum,
1022 3962 1144 4025 quod
1162 3960 1414 4023 frequentia
1436 3960 1504 4006 in-

376 4024 574 4074 sularum
588 4040 640 4072 ac
653 4027 1067 4088 promontoriorum
1081 4027 1196 4073 freta
1209 4023 1352 4072 multa
1365 4024 1498 4073 facit:

375 4088 595 4147 solicitor,
626 4105 684 4136 an
719 4106 811 4139 non
846 4092 1016 4139 dederit
1047 4090 1272 4139 Horatius
1286 4092 1506 4153 inpotenti

369 4164 547 4218 pressus
586 4155 744 4219 AEgeo.
805 4155 947 4204 Certe
979 4156 1100 4203 favet
1131 4171 1186 4202 ex
1207 4166 1334 4216 parte
1355 4154 1504 4217 aliqua

375 4219 520 4281 prima
540 4219 697 4277 editio,
735 4235 837 4282 quae
874 4221 1010 4269 habet
1046 4221 1305 4283 inpatienti,
1336 4219 1504 4280 junctia

376 4284 535 4341 literis,
565 4296 611 4332 et
644 4284 881 4332 Barthiana
904 4285 1153 4333 observatio
1179 4284 1383 4331 Bentleio
1405 4285 1504 4331 lau-

377 4351 501 4413 data,
521 4353 758 4416 inpotenti.
798 4350 1250 4448 Inpotensvcontinet
1272 4365 1503 4412 compara-

1566 3184 1737 3233 tionem
1757 3198 1861 3232 cum
1877 3181 2080 3238 homine,
2095 3180 2308 3230 cuifuror
2323 3181 2474 3245 iraque
2491 3193 2699 3230 mentem

1600 3248 1867 3312 raecipitant.
1899 3249 2091 3295 Pretmu
2106 3246 2153 3295 h.
2173 3263 2213 3294 e.
2232 3247 2533 3309 deprehensus
2549 3259 2595 3294 et
2618 3264 2711 3294 ve-

1588 3325 1640 3362 ut
1659 3325 1832 3375 captua,
1854 3311 2121 3376 pulchrum:
2158 3312 2234 3358 sed
2259 3322 2432 3375 pressus
2464 3312 2518 3358 nd
2540 3328 2718 3371 anguo-

1570 3379 1657 3427 tiaa
1672 3390 1720 3426 et
1740 3379 1903 3425 fluctus
1925 3377 2123 3439 undique
2148 3389 2359 3437 urgentes
2390 3379 2719 3426 accommoda-

1571 3444 1678 3490 tius.
1739 3442 1891 3490 Etiam
1915 3442 2049 3489 lunen
2071 3457 2151 3503 pro
2183 3444 2327 3488 Inna-a
2358 3441 2498 3501 magis
2529 3442 2679 3503 placet
2698 3460 2720 3501 ς

1572 3518 1627 3554 ut
1658 3506 1796 3554 etiam
1828 3505 1899 3555 sol
1928 3506 2344 3568 comprehendatur.
2410 3508 2476 3552 G.
2545 3507 2719 3555 Potens

1572 3588 1691 3619 mare
1712 3570 1890 3619 videtur
1910 3586 2004 3618 ease
2025 3570 2142 3618 idem
2165 3572 2286 3634 quod
2302 3571 2457 3628 altum,
2472 3582 2715 3621 remotum

1573 3651 1600 3684 a
1636 3636 1806 3684 littore.
1867 3637 2032 3683 Lumen
2071 3637 2222 3683 minua
2256 3647 2378 3684 recte
2410 3636 2594 3698 ponitur
2620 3651 2716 3698 pro

1567 3702 1703 3749 Luna
1718 3721 1735 3749 .-
1786 3715 1893 3749 nam
1924 3701 2074 3763 imago
2094 3701 2239 3748 noctia
2258 3711 2326 3748 eat
2346 3700 2449 3749 loco
2469 3712 2514 3748 et
2535 3700 2600 3747 rei
2622 3716 2717 3764 ap-

1569 3766 1677 3814 tior.
1744 3767 1806 3813 Z.

1635 3843 1667 3879 2
1701 3830 1906 3886 Pressas,
1943 3830 2001 3877 ad
2041 3828 2287 3892 Empbaain
2324 3828 2453 3888 dixit,
2482 3829 2715 3891 significat

1570 3895 1692 3943 enim
1713 3911 1821 3944 eum
1843 3894 1908 3943 nil
1927 3894 2017 3943 tale
2038 3894 2161 3957 priua
2183 3894 2412 3955 cogitaaae.
2652 3893 2657 3896 Ἴ

1631 3972 1661 4020 3
1689 3960 1945 4024 Certa,jam
1968 3974 2050 4023 pro
2068 3960 2292 4008 cmibils‘ae
2314 3960 2490 4022 posuit:
2542 3959 2601 4007 ait
2623 3974 2717 4007 ve-

1567 4024 1641 4073 nia
1665 4024 1828 4074 verbo!

1631 4088 1662 4139 6
1684 4089 1937 4152 Ethopoeia
1958 4099 2025 4136 eat
2045 4089 2093 4136 in
2116 4089 2383 4152 repetitione
2404 4088 2525 4136 vocis
2541 4088 2716 4139 otim.

1565 4155 1642 4203 Ac
1651 4156 1692 4201 ai
1710 4169 1885 4218 temper
1898 4153 2063 4202 Otium
2080 4154 2129 4201 in
2142 4170 2220 4201 ore
2227 4154 2441 4202 haberent
2457 4165 2715 4217 pret-antea.

1635 4232 1662 4278 7
1686 4220 1795 4268 Hoc
1825 4220 1929 4268 loco
1959 4218 2197 4282 compellat
2233 4219 2516 4281 Grosphum,
2542 4228 2596 4265 ut
2632 4220 2715 4266 ef.

1568 4284 1745 4332 ficacius
1765 4300 1871 4331 eum
1894 4295 2075 4332 moneat
2106 4283 2171 4332 nil
2202 4284 2415 4348 proficere
2444 4282 2623 4332 divitias
2645 4287 2713 4334 ad

1566 4350 1703 4397 animi
1733 4348 2121 4412 tranquillitatem.
