3000 4979
352 308 533 393 '386

1103 317 1170 393 Q
1219 315 1640 384 HORATII
1692 314 2039 382 FLACCI

667 493 915 563 Dictus'
935 506 1092 573 erat,
1141 493 1302 558 nulli
1332 495 1674 581 proprius}
1723 493 1834 559 sed
1866 493 2036 559 cedit
2069 493 2135 558 in
2167 514 2354 558 usum

458 617 581 676 135
673 608 869 674 Nunc
900 605 1080 683 mihi,
1129 628 1303 669 nunc
1335 605 1467 670 alii.

1558 604 2085 692 quocirca‘vi'vite
2113 603 2336 683 forteS,

668 718 1020 803 Fortiaque
1050 716 1332 781 adversis
1356 718 1962 802 opponite-pectora
1991 718 2204 783 rebuS.

496 907 591 954 134
622 892 813 951 Dictus,
844 892 929 941 erit
948 894 1010 941 al.
1024 892 1197 942 Dictus
1214 904 1311 942 erat
1331 895 1461 941 etiam
1484 890 1530 940 S.
1553 894 1613 941 Z.
1635 893 1782 942 Bentl.
1802 911 1859 941 ex
1883 892 2037 943 MSS.
2058 894 2187 943 cedet
2212 895 2329 944 ἴση.
2352 892 2482 939 Glar·
2502 888 2673 937 Laus.

1434 1151 1740 1163 -——--.-—-.

1242 1327 1681 1411 SATIRA
1758 1326 1929 1410 III.

419 1507 569 1557 Omnes
606 1509 817 1565 insanire,
845 1511 975 1555 etia-
1013 1508 1123 1573 s'psss
1161 1505 1313 1554 Stoicos
1335 1509 1430 1553 dnm
1452 1508 1528 1554 boe
1547 1510 1707 1554 docent.
1742 1507 1797 1553 B.
1862 1507 1932 1553 Ut
1968 1521 2068 1553 rem
2106 1507 2264 1553 duram
2299 1515 2348 1552 et
2382 1501 2639 1554 offensionis
2659 1503 2764 1566 pie-

476 1590 601 1632 nam,
623 1590 780 1622 omues
804 1573 1014 1630 insanire,
1035 1585 1156 1629 tuto,
1178 1584 1299 1635 apte,
1313 1585 1360 1619 et
1383 1573 1674 1635 probabiliter
1691 1573 1861 1619 diceret
1878 1572 2115 1630 satiricus,
2132 1570 2478 1633 Damasippum,
2495 1586 2549 1616 ex
2569 1570 2764 1631 prodigo

480 1640 685 1688 Stoicum
703 1638 1020 1701 philosophum
1044 1649 1227 1700 repente
1248 1638 1440 1693 factum,
1460 1653 1597 1700 quem
1620 1638 1755 1697 vulgo
1776 1637 1981 1685 insanum
2005 1638 2244 1692 vocabant,
2269 1636 2531 1698 loquentem
2561 1636 2763 1681 induxit.

478 1705 575 1752 Hic
620 1705 819 1767 primum
866 1705 1003 1766 ipsius
1041 1703 1229 1751 Horatii
1267 1703 1317 1749 in
1359 1703 1597 1751 scribendo
1639 1703 1873 1763 segnitiem
1905 1701 2191 1765 perstringite
2240 1713 2342 1749 tum
2375 1701 2518 1748 verbis
2549 1700 2764 1747 Stertinii

477 1771 619 1817 Stoici
642 1769 844 1830 magistri
866 1768 1128 1816 inductione
1164 1768 1310 1816 utitur
1345 1769 1400 1814 ad
1434 1769 1598 1829 dogma
1623 1768 1880 1816 Stoicorum
1902 1768 2174 1825 docendum,
2206 1783 2364 1814 omnes
2395 1782 2487 1813 esse
2520 1765 2686 1813 stultos
2708 1777 2759 1812 et

474 1836 670 1883 insanos.
736 1836 812 1882 Ad
844 1834 928 1881 hos
947 1835 1086 1895 igitur
1108 1849 1201 1881 esse
1234 1834 1487 1881 referendos
1523 1834 1603 1892 ait,
1632 1834 1822 1890 timidos,
1866 1833 1944 1895 qui
1978 1844 2149 1880 temere
2172 1843 2405 1880 metuant:
2440 1832 2645 1887 audaces,
2673 1829 2758 1893 qui

477 1902 724 1948 metuenda
741 1915 832 1948 non
855 1900 1182 1947 reformident:
1221 1901 1331 1946 lucri
1351 1899 1543 1963 cupidos,
1574 1900 1652 1960 qui
1674 1898 1973 1947 creditoribus
1994 1898 2193 1953 incertis,
2223 1896 2356 1945 malae
2372 1897 2473 1944 fidei
2495 1910 2542 1944 et
2563 1897 2762 1959 prodigis

476 1968 587 2013 dent
608 1978 773 2013 mutuo
793 1965 1038 2027 pecunias:
1075 1982 1262 2020 avaros,
1292 1976 1338 2011 et
1376 1964 1453 2025 qui
1476 1979 1571 2010 rem
1613 1963 1868 2012 ostentandi
1890 1963 2031 2023 grstia
2055 1964 2311 2022 corradant,
2341 1973 2389 2011 et
2423 1963 2548 2025 quia
2570 1962 2762 2009 corrasis

478 2033 735 2079 abstineant
757 2042 805 2077 et
827 2030 910 2092 ipsi
932 2029 1235 2078 sordidissime
1251 2029 1591 2091 miserrimeque
1610 2030 1795 2077 vivant:
1830 2029 2137 2091 Aristippum,
2166 2028 2248 2091 qui
2269 2043 2433 2076 aurum
2455 2029 2647 2090 abjicere
2666 2042 2765 2073 ser·

476 2098 784 2159 vosjusserit:
821 2113 960 2142 sevos
982 2111 1083 2155 erga
1118 2110 1303 2143 uxorem
1341 2108 1653 2157 matremque:
1688 2095 1946 2151 ambitiosos,
1978 2093 2120 2143 veluti
2153 2097 2568 2154 Agamemnonem,
2597 2092 2676 2155 qui
2698 2093 2760 2140 ob

476 2162 666 2222 gloriam
689 2161 997 2208 immolaverit
1018 2160 1154 2208 filiam
1177 2179 1187 2208 :
1221 2161 1483 2216 luxuriosos,
1515 2160 1723 2223 exemplo
1748 2160 2046 2217 Nomentani,
2067 2160 2234 2221 AEsopi
2255 2159 2354 2216 filii,
2385 2159 2513 2206 Arrii
2530 2159 2728 2206 filiorum
2744 2176 2758 2205 t

475 2228 733 2283 libidinosos,
748 2226 827 2289 qui
852 2227 1114 2273 meretrices
1129 2237 1389 2274 sectentur:
1434 2228 1770 2289 superstitiosos,
1789 2224 1997 2286 exemplo
2030 2224 2231 2272 libertini
2265 2224 2497 2287 cujusdam
2523 2236 2569 2271 et
2592 2224 2771 2271 matris-

474 2292 685 2339 Tandem
722 2304 768 2339 et
800 2292 947 2353 ipsum
972 2291 1223 2339 Horatium
1258 2306 1352 2337 esse
1379 2291 1591 2338 insanum
1623 2291 1808 2338 insanus
1851 2291 1962 2339 dicit
1982 2290 2044 2337 ob
2066 2290 2370 2341 imitationem
2398 2290 2674 2338 Maecenatis
2713 2291 2763 2337 in

477 2358 759 2413 aedificando,
782 2357 842 2404 ob
863 2358 1079 2414 carmina,
1100 2356 1394 2415 iracundiam,
1415 2356 1796 2417 magnificentiam
1818 2357 1867 2405 in
1891 2356 2019 2404 cultu
2042 2369 2089 2404 et
2109 2353 2289 2415 habitu,
2307 2367 2356 2403 et
2371 2371 2572 2403 amorem
2594 2370 2766 2420 puero-

477 2438 582 2471 rum
604 2423 963 2486 puellarumque.

683 2577 800 2643 S1c
832 2599 981 2641 raro
1013 2576 1256 2654 scribiS,
1307 2588 1379 2639 ut
1409 2587 1547 2641 toto
1577 2598 1710 2640 non
1742 2588 1969 2661 quater
1999 2596 2173 2640 anno

678 2685 1133 2752 Membranam
1166 2709 1412 2772 poscaS,
1460 2688 1848 2774 scriptorum
1879 2710 2154 2775 quaeque
2183 2699 2502 2764 retexenS,

678 2796 891 2864 Iratus
921 2799 1058 2876 tibi,
1107 2798 1283 2884 quod
1315 2799 1447 2862 vini
1476 2800 1816 2887 somnique
1848 2798 2169 2886 benignus

681 2907 796 2974 Nil
829 2909 1100 2998 dignum
1126 2932 1418 2975 sermone
1450 2933 1665 2977 canas·

553 3026 591 3084 5
687 3018 1138 3085 Saturnalibus
1171 3021 1577 3111 buc-fugisti3

1757 2909 1937 2986 Quid
1970 2907 2132 2975 fiet?
2175 2923 2243 2974 at
2271 2908 2425 2995 ipsis

1623 3022 1883 3086 sobrius
1913 3042 2072 3108 ergo

684 3129 819 3195 Dic
847 3130 1094 3219 aliquid
1126 3131 1395 3220 dignum
1427 3127 1787 3218 promissis:
1837 3129 2084 3217 incipe;
2130 3129 2225 3194 nil
2255 3139 2370 3196 est.

522 3320 547 3354 1
574 3304 622 3353 Si
644 3308 775 3354 etiam
803 3308 864 3354 G.
885 3305 994 3357 Sax.
1016 3309 1141 3358 MS.
1167 3311 1269 3357 Bos.

491 3472 581 3521 135
624 3461 675 3507 V
672 3463 780 3509 ivise
786 3462 935 3527 fortes
951 3479 971 3519 ,·
1016 3462 1175 3511 festive
1197 3462 1385 3523 insurgit
1405 3462 1566 3522 spiritu

427 3524 620 3573 Heroici
644 3526 873 3574 Carminis
894 3544 986 3589 quo
1008 3529 1172 3575 serium
1195 3529 1288 3577 risu
1311 3528 1468 3576 diluat.
1513 3529 1568 3596 B.

424 3591 708 3653 Metaphora
730 3609 763 3641 a>
783 3594 1045 3641 natantibus
1063 3595 1251 3642 adverso
1270 3593 1472 3641 flumine.
1506 3594 1570 3641 G.

873 3726 1015 3771 SAT.
1048 3726 1133 3771 111.

497 3800 520 3831 1
558 3787 749 3835 Comice
773 3788 842 3836 Sic
863 3809 969 3838 raro
992 3806 1070 3852 pro
1100 3790 1214 3838 ‘Tam
1238 3808 1340 3836 raro
1358 3809 1376 3837 :
1397 3790 1568 3837 frustra

423 3862 531 3898 sunt
564 3853 643 3914 qui
678 3868 907 3915 reponunt
941 3857 1010 3903 Si.
1074 3858 1232 3903 Junius
1267 3857 1568 3920 Damasippus

423 3927 635 3964 consumto
684 3919 957 3968 Patria-onio
1006 3921 1307 3986 philosophari
1348 3931 1532 3984 caperat
1547 3943 1563 3975 ,-

424 3982 481 4030 ab
516 3982 591 4029 hoc
622 3983 841 4033 Horatius
877 3989 1086 4035 desidiam
1122 4006 1244 4034 sesan·
1264 3989 1477 4050 castigari
1498 3990 1569 4033 in·

422 4049 559 4104 ducis,
610 4066 703 4094 essm
755 4053 816 4096 ad
864 4055 1022 4099 villam
1075 4057 1306 4100 secessisset
1363 4067 1405 4099 et
1460 4051 1574 4098 nihil

707 4115 820 4164 vet.
840 4118 994 4165 Schol.
1060 4119 1242 4166 Videtur
1264 4118 1511 4166 tolerandus
1534 4119 1570 4164 is

422 4113 644 4161 scriberet.

425 4176 607 4241 Satyrus
648 4183 725 4242 qui
765 4184 828 4229 ita
873 4194 1043 4230 caeeerss
1087 4187 1249 4247 cor-pit,
1298 4193 1348 4230 ut
1388 4203 1439 4231 ne
1483 4183 1566 4229 ss'bs'

416 4252 601 4307 parcat.
663 4245 914 4296 Landinus.
963 4248 1196 4296 Bentleius
1233 4265 1313 4311 pro
1360 4246 1428 4294 Sic
1464 4265 1566 4295 raro

420 4310 576 4356 scribis
607 4325 662 4357 ex
684 4313 867 4374 scriptis
882 4313 1126 4361 Codicibus
1150 4314 1352 4377 reposuit*
1382 4313 1429 4361 Si
1463 4332 1568 4361 raro

421 4375 592 4423 scribes.
657 4375 844 4424 Fatetur
876 4389 1030 4426 tamen
1062 4380 1138 4429 Sic
1156 4397 1260 4428 raro
1284 4380 1433 4429 scribs's
1462 4394 1570 4444 per·

1397 3324 1430 3368 4
1463 3307 1518 3356 ab
1539 3307 1645 3371 ipsis
1673 3308 1783 3355 Ven.
1809 3308 1942 3355 Glar.
1964 3307 2124 3356 wa.
2144 3308 2200 3356 ab
2222 3307 2319 3356 istis
2344 3306 2469 3355 MS.
2491 3306 2671 3356 Bessa.

1632 3461 1848 3509 mansisse
1879 3478 1931 3509 ex
1966 3461 2120 3525 priscis
2153 3460 2472 3520 Editionibus3
2504 3472 2649 3525 atque
2682 3461 2780 3511 hac

1631 3527 1814 3590 quidem
1849 3527 2069 3589 scriptura
2105 3527 2347 3574 Comicum
2381 3527 2520 3573 habet
2554 3527 2787 3590 spiritum,

1629 3609 1740 3646 ,cum
1763 3593 1904 3641 altera
1926 3593 1982 3641 sit
2007 3591 2210 3639 inefficax
2234 3603 2280 3640 et
2299 3594 2468 3640 inerter
2488 3594 2687 3654 prolata.

1635 3717 1638 3720 Δ
1701 3671 1730 3707 2
1763 3659 1978 3706 Retexens
1993 3681 2008 3712 ,·
2045 3663 2111 3705 uti
2133 3657 2352 3722 Penelope.
2415 3658 2654 3706 Lubiuus-

1700 3736 1728 3783 3
1765 3727 1942 3784 Argute
1975 3724 2174 3787 benignus
2209 3725 2362 3787 posuit
2392 3741 2478 3788 pro
2509 3723 2684 3786 largus,
2714 3722 2784 3772 vei

1633 3788 1836 3837 invidens
1857 3790 1938 3837 sibi
1961 3789 2091 3836 nihil.
2571 3797 2574 3800 ’

1698 3869 1729 3912 4
1766 3855 1961 3920 Dignum
2002 3874 2208 3912 sermone,
2249 3856 2458 3919 opinione,
2493 3854 2581 3902 vel
2611 3855 2784 3921 predi·

1629 3922 1807 3980 catione.
1869 3921 1983 3968 Vet.
2017 3920 2170 3968 Schol-

1631 4043 1636 4044 ⁷
1704 3984 1928 4052 Qs'dflec
1944 3985 1971 4034 ἶ
2027 3986 2075 4031 Si
2099 4002 2243 4049 neque
2267 3986 2453 4042 Romae,
2472 4001 2626 4048 neque
2649 4002 2782 4046 rure;

1632 4067 1782 4116 neque
1807 4063 1957 4113 potus,
1978 4067 2123 4114 neque
2145 4052 2338 4110 sobrius,
2365 4052 2594 4108 calamum
2617 4052 2668 4100 in
2689 4068 2784 4099 ma-

1636 4133 1747 4164 num
1769 4117 1924 4164 sumis.
1991 4117 2063 4168 Τῖς
2083 4116 2302 4180 μηχανῆς

1697 4182 1890 4244 Cruquii
1913 4182 2214 4231 vetustissima
2238 4183 2520 4231 Membrana
2552 4195 2685 4236 recte
2705 4183 2783 4234 hn-

1631 4247 1707 4294 bet
1728 4259 1778 4295 at
1799 4249 1943 4310 (quod
1966 4260 2033 4296 est
2054 4251 2135 4295 imo
2154 4251 2309 4308 etiam)
2331 4265 2412 4311 pro
2435 4248 2510 4297 ab.

1635 4364 1641 4371 ¹
1700 4311 1730 4360 6
1768 4313 1999 4361 Promissis
2056 4313 2246 4362 Comice
2301 4315 2491 4377 protulit
2506 4331 2526 4372 ς
2583 4328 2780 4378 namque

1632 4380 1782 4427 vulsus
1801 4389 1900 4427 erat
1920 4397 2081 4445 magna
2102 4389 2145 4428 ee
2155 4381 2388 4445 praeclara
2405 4382 2635 4428 minutis.
