3000 4979
427 263 627 329 xxxiv
958 257 1046 335 Q.
1095 255 1516 325 HORATII
1565 254 1908 322 FLACCI
1957 254 2207 323 VITA.

434 438 581 513 Sed
618 434 850 512 multo
879 433 1139 533 magi3‚
1173 432 1523 510 extremis
1558 430 1903 530 Esquiliis
1926 437 1962 475 *
2004 428 2131 507 tali
2168 428 2263 505 ad
2304 427 2739 527 Augustum

434 558 746 659 Eclogio
768 561 808 635 †
834 587 859 650 ;

840 803 1133 909 Horati
1158 803 1398 877 Flacci
1433 812 1512 875 ut
1529 803 1660 876 mei
1687 812 1829 877 esto
1856 776 2136 882 memor.

434 1054 823 1151 Augustus
851 1046 1344 1148 Epistolarum
1383 1069 1677 1145 quoque
1704 1050 1777 1123 ei
1804 1045 2127 1120 officium
2157 1044 2454 1134 obtulit,
2481 1056 2568 1119 ut
2599 1044 2749 1119 hoc

430 1175 527 1251 ad
565 1174 1056 1249 Maecenatem
1094 1171 1368 1267 scripto
1415 1168 1824 1267 significat:
1880 1170 2072 1244 Ante
2118 1170 2268 1265 ipse
2316 1169 2750 1263 sufficiebam

430 1299 816 1373 scribendis
850 1296 1193 1393 Epistolis
1219 1296 1286 1368 A
1296 1296 1669 1383 micorum;
1721 1316 1909 1367 nunc
1937 1291 2503 1387 occupatissimus
2533 1301 2610 1363 et
2637 1291 2753 1364 in-

402 1426 706 1519 fimum,
737 1420 1135 1494 Horatium
1170 1427 1483 1490 nostrum
1519 1427 1582 1489 te
1614 1416 1824 1511 cupio
1859 1404 2231 1488 adducere.
2344 1415 2593 1490 Veniet
2612 1415 2758 1511 igi-

436 1556 557 1618 tur
589 1545 679 1616 ab
711 1544 843 1616 ista
866 1542 1260 1638 parasitica
1292 1562 1529 1613 mensa
1553 1544 1654 1612 ad
1679 1543 1860 1613 hanc
1891 1538 2186 1633 regiam,
2224 1546 2298 1610 et
2314 1560 2441 1610 nos
2466 1537 2542 1610 in
2568 1538 2762 1634 Epi-

436 1667 628 1740 stolis
660 1665 1048 1738 scribendis
1081 1663 1467 1757 adjuvabit.
1578 1662 1699 1736 Ac
1737 1686 1833 1735 ne
1870 1661 2241 1735 recusanti
2278 1660 2580 1757 quidem
2616 1672 2759 1733 aut

437 1786 862 1863 succensuit
922 1786 1346 1884 quicquam,
1396 1769 1528 1858 aut
1578 1784 1976 1858 amicitiam
2032 1784 2369 1882 ingerere
2431 1781 2753 1857 destitit.

437 1913 758 1985 Exstant
785 1907 1162 2005 Epistulam,
1192 1931 1232 1979 e
1260 1906 1556 2004 quibus,
1583 1906 1999 2003 argumenti
2025 1905 2290 2002 gratia,
2312 1930 2552 2003 pauca
2577 1907 2758 1980 sub-

422 2030 604 2132 jeci.
708 2033 918 2105 Sume
973 2029 1096 2102 tibi
1144 2028 1418 2125 aliquid
1430 2027 1659 2122 juris
1707 2034 1911 2125 apud
1937 2052 2072 2117 me,
2128 2039 2458 2125 tanquam
2493 2026 2556 2102 si
2585 2053 2758 2102 con-

435 2159 660 2231 victor
690 2148 1113 2247 mihifueris
1140 2182 1165 2223 .-
1221 2152 1548 2249 quoniam
1582 2154 1663 2226 id
1692 2176 1860 2226 usus
1893 2152 2061 2226 milu·
2097 2162 2313 2225 tecum
2348 2173 2493 2225 esse
2527 2138 2757 2243 volui,

436 2279 500 2353 si
544 2296 687 2376 per
742 2275 1203 2350 valetudinem
1269 2285 1457 2347 tuam
1494 2274 1685 2370 fieri
1739 2275 1990 2372 possit.
2093 2272 2194 2346 Et
2245 2298 2489 2347 rursus
2519 2300 2541 2347 ι
2603 2273 2757 2349 Tui

424 2384 710 2500 'qualem
764 2396 1051 2472 habeam
1099 2399 1502 2472 memoriam
1543 2390 1815 2496 poteris
1864 2423 1954 2471 ea·
2003 2397 2338 2495 Septimio
2366 2399 2403 2474 ‡
2473 2422 2756 2496 quoque

424 2507 681 2600 'nostro
731 2519 984 2597 audire
1009 2515 1043 2593 .·'
1086 2544 1249 2594 nam
1298 2520 1546 2594 incidit
1595 2531 1676 2595 ut
1717 2546 1956 2595 coram
2007 2522 2125 2595 illo
2144 2523 2380 2618 fieret
2422 2544 2468 2593 a
2513 2517 2621 2595 me
2648 2523 2762 2596 tui

438 2651 713 2724 mentio.
816 2647 1077 2742 Neque
1130 2645 1313 2717 enim
1368 2645 1430 2716 si
1489 2655 1566 2716 tu
1623 2646 1962 2740 superbus
2014 2643 2382 2717 amicitiam
2437 2654 2759 2719 nostram

432 2783 793 2886 sprevisti,
821 2783 977 2856 ideo
999 2803 1125 2854 nos
1147 2804 1418 2878 quoque
1441 2761 2124 2879 οἷντυτεςηφανοῦμεν.
2165 2779 2528 2888 Praeterea
2553 2809 2759 2884 saepe

442 2931 612 2982 eum
648 2907 841 2980 inter
875 2902 1054 2977 alios
1075 2900 1295 3000 jocos
1322 2903 1765 3001 putissimum
1788 2927 2066 3000 penem,
2101 2915 2179 2978 et
2230 2907 2759 2982 homuncionem

441 3029 933 3129 lepidissimum
968 3026 1318 3125 appellat,
1368 3051 1665 3124 unaque
1701 3039 1777 3101 et
1810 3005 2039 3101 altera
2074 3005 2510 3104 liberalitate
2544 3028 2759 3104 locu-

438 3131 772 3254 pletavit.
829 3150 1114 3249 Scripta
1148 3150 1449 3248 quidem
1488 3147 1641 3247 ejus
1670 3172 1901 3246 usque
1934 3148 2122 3223 adeo
2148 3130 2507 3248 probavit,
2546 3159 2759 3228 man·

446 3421 698 3481 Minno:
744 3431 835 3479 est
882 3430 1079 3479 autem
1126 3421 1390 3491 Minnus,
1432 3421 1524 3480 vel
1567 3423 1794 3493 MinuS,
1837 3419 1959 3479 ovis
1999 3431 2204 3480 ventre
2243 3419 2469 3499 glabra,
2513 3422 2688 3482 Festo
2717 3442 2759 3484 a

447 3533 685 3603 Graeeo,
714 3523 960 3598 ἅπεικος,
991 3532 1196 3612 Apisa,
1226 3531 1405 3590 dicta.
1507 3531 1710 3591 Nostri
1763 3531 2048 3603 dicerent,
2101 3541 2263 3602 mort
2300 3542 2519 3606 tamnu
2558 3545 2680 3610 15η
2724 3561 2763 3603 ει

442 3638 591 3703 narn
632 3639 774 3696 ΰὶυι.
855 3630 1065 3691 ΒΑκτ.
1181 3627 1329 3691 Titii
1366 3631 1593 3692 Sodalis
1637 3629 1831 3693 Ginno
1877 3623 2229 3704 Gronovius,
2293 3647 2359 3695 ut
2404 3635 2760 3706 ludaturffiiu

446 3732 702 3811 aliquem
731 3730 985 3792 vicinum
1011 3731 1103 3791 vel
1132 3743 1359 3803 notum,
1397 3734 1615 3792 Titium
1642 3733 1896 3812 strigoso
1914 3736 2074 3794 mulo
2094 3734 2225 3795 vehi
2249 3735 2508 3796 solitum.
2538 3739 2758 3801 stu.

521 3835 560 3876 ⁴*
590 3833 867 3913 Esquiliis
893 3852 1066 3892 nemo
1092 3832 1260 3904 alius,
1308 3832 1468 3912 quod
1496 3833 1890 3903 observar1m3
1929 3835 2034 3895 sed
2075 3836 2167 3895 vel
2174 3837 2444 3915 judicus
2488 3839 2582 3899 vel
2610 3840 2760 3900 sim·

441 3935 678 4016 pliciter
702 3933 984 3995 extremis.
1064 3934 1344 4014 Esquiliis
1384 3933 1540 3995 forte
1579 3934 1700 3994 huc
1741 3935 1975 4014 irrepsit
2001 3956 2078 3996 ex
2106 3936 2224 3996 fine
2249 3937 2426 4016 hujus
2448 3937 2627 4014 vitre,
2671 3941 2762 4003 de

441 4047 822 4098 monumento
847 4034 1103 4095 Horatii.
1183 4034 1396 4095 Gssx.
2519 4058 2524 4064 ·

525 4141 565 4214 †
614 4137 732 4194 Pro
754 4136 959 4216 Elogio
975 4137 1376 4216 reponendum
1404 4137 1550 4198 (luxi
1577 4139 1836 4218 Eclogio‚
1858 4139 1945 4199 de
1957 4155 2074 4219 qua
2094 4155 2240 4199 voce
2259 4141 2395 4201 vide
2423 4143 2762 4206 eruditissi-

444 4253 603 4295 mum
633 4237 924 4296 ,Iacobum
955 4237 1331 4310 Gutherium,
1377 4240 1473 4299 De
1499 4242 1647 4301 Jure
1678 4241 1967 4301 Manium.

525 4341 561 4415 ‡
612 4338 709 4398 De
741 4336 1023 4416 Septimio
1050 4338 1161 4398 isto
1189 4338 1324 4399 vide
1354 4355 1482 4418 qute
1511 4340 1761 4402 diximus
1792 4343 1865 4403 ad
1895 4342 2216 4422 Epistolam
2247 4350 2306 4406 9.
