3000 4979
1064 729 1787 880 LECTORI

1229 969 1605 1066 ‘sens

709 1213 750 1220 ξ’
812 1207 1261 1324 1SAAcUs
1320 1247 2044 1327 VERBURGIUS.

274 1519 519 1607 Qum
574 1513 1068 1592 necessarium
1113 1513 1625 1614 adjumentum
1660 1517 1778 1609 iis,
1844 1516 1970 1617 qui
2008 1518 2415 1618 capiuntur
2434 1521 2587 1599 lec-

272 1641 476 1718 tione
535 1638 929 1730 Veterum,
1001 1638 1150 1715 sint
1209 1637 1539 1733 Indices,
1589 1643 1855 1742 quibus
1915 1654 2269 1742 tanquam
2321 1671 2380 1719 a*
2420 1629 2586 1721 fi'dis

277 1763 587 1839 ducibus
621 1761 718 1838 ad
751 1761 1002 1838 locum
1055 1761 1381 1863 aliquem
1438 1765 1809 1856 ducimur,
1861 1767 2110 1842 notius
2162 1779 2303 1859 est,
2360 1794 2585 1869 quam

276 1900 363 1962 ut
428 1909 730 1964 necesse
797 1886 895 1962 sit
953 1885 1099 1962 hoc
1168 1886 1337 1964 loco
1404 1888 1591 1965 illud
1662 1883 1988 1967 monere.
2092 1890 2357 1968 Testes
2410 1875 2587 1970 sunt

280 2037 556 2102 omnes,
610 2013 879 2112 quibus
930 2012 1167 2090 literae
1219 2015 1426 2091 cordi
1481 2027 1682 2108 sunt,
1734 2018 2011 2117 quique
2061 2042 2212 2093 non
2255 2021 2415 2094 sine
2449 2044 2587 2097 suo
2676 2115 2687 2126 ἱ

277 2135 471 2213 malo
502 2138 1004 2239 nequicquam
1035 2148 1229 2218 totas
1268 2138 1484 2216 horas
1531 2140 1927 2241 aliquando
1969 2141 2469 2218 insumserunt
2508 2143 2603 2218 in-

277 2262 724 2364 requirendo
769 2261 1067 2353 locum,
1117 2288 1340 2363 quem
1401 2262 1669 2362 legisse
1727 2288 1807 2340 se
1863 2265 2382 2360 meminerant,
2443 2255 2587 2343 ⁷nec

268 2402 531 2474 ‚tamen
590 2396 937 2488 poterant
990 2385 1364 2461 reminisci
1400 2411 1548 2486 qua
1596 2380 1765 2462 libri
1815 2393 2049 2486 parte.¹
2155 2387 2364 2464 Huic
2398 2390 2598 2468 malo
2698 2435 2701 2438 ·

266 2513 428 2615 jam
460 2524 638 2590 ante
673 2510 823 2590 duo
845 2508 1011 2587 „fere
1048 2508 1298 2584 secula
1323 2510 1635 2610 quisque
1659 2533 1796 2610 pro
1832 2510 1966 2585 sua
1990 2511 2180 2586 virili
2209 2529 2599 2615 coeperunt

280 2635 591 2726 mederi,
644 2635 802 2734 qui,
852 2632 1031 2708 dum
1064 2633 1388 2709 auctoris
1422 2632 1733 2733 alicujus
1766 2633 2167 2712 dulcedine
2203 2641 2403 2738 capti
2440 2639 2601 2713 ‘sin-

281 2760 460 2860 gula
487 2759 573 2834 in
604 2756 990 2860 proprium
1041 2781 1257 2835 usum
1310 2757 1665 2857 seligunt,
1715 2759 1929 2835 nobis
1963 2770 2078 2835 tot
2108 2761 2465 2859 egregios
2491 2762 2603 2837 in..

285 2884 520 2977 dices,
570 2881 1024 2982 quibusnon
1062 2881 1219 2958 sine
1270 2882 1645 2958 uberrimo
1695 2881 1944 2958 fructu
1991 2882 2300 2973 utimur,
2350 2882 2602 2960 confe-

287 3016 579 3091 cerunt.
632 3004 810 3082 Non
845 3018 1256 3111 potuerunt
1293 3006 1587 3083 Horatii
1623 3020 1986 3083 amatores
2020 3005 2151 3082 diu
2185 3030 2346 3082 esse
2382 3006 2603 3084 d‘esti-

286 3132 432 3210 tuti
466 3142 622 3207 tam
653 3128 1072 3206 necessario
1103 3127 1565 3228 adjumento,
1616 3128 1893 3230 quippe
1920 3127 2156 3229 'cujus
2206 3128 2441 3206 lectio'
2466 3131 2603 3205 im-

291 3256 545 3332 mensa
596 3252 920 3330 utilitate
971 3263 1405 3352 compenset
1451 3251 1777 3329 laborem
1814 3254 1894 3327 in
1928 3251 2250 3352 legendo
2290 3253 2606 3331 colloca-

290 3392 482 3470 tum,
532 3377 892 3479 cujusque
927 3379 1201 3479 scripta
1235 3376 1484 3454 decies
1518 3376 1614 3453 ad
1648 3400 1979 3475 unguem
2014 3377 2374 3476 castigata
2408 3376 2604 3454 ultro

288 3503 621 3580 alliciant
665 3500 1024 3578 lectorem
1070 3500 1167 3577 ad
1217 3500 1500 3600 optima
1533 3524 1847 3600 quaeque
1894 3502 2385 3601 excerpenda.
2492 3501 2604 3577 Ea

289 3627 495 3705 certe
527 3627 817 3703 ratione
858 3626 1167 3726 Thomas
1200 3626 1545 3700 Tra-term
1570 3636 1788 3700 natus
1816 3623 2203 3699 Posnaniae
2237 3623 2609 3724 (Poloniae

292 3750 589 3852 majoris
607 3774 713 3826 ⁴ea
744 3764 860 3825 est
890 3749 1104 3846 urbs)
1165 3747 1471 3847 collegit
1529 3748 1808 3848 primus
1844 3746 2185 3823 Iudicem
2234 3747 2313 3822 in
2370 3746 2611 3824 Hora-

295 3871 813 3974 tiumadjutus
838 3897 883 3947 a
909 3873 1267 3949 Stanislao
1293 3875 1714 3964 ‘Drozinio,
1748 3896 1975 3971 quum
2001 3883 2314 3971 uterque
2343 3871 2609 3948 Romae

293 4001 373 4075 in
426 4000 712 4077 aedibus
746 4000 1083 4076 Stanislai
1125 4001 1342 4075 Hosii
1394 3999 1493 4074 R.
1534 3997 1623 4073 E.
1679 3997 2089 4073 Cardinalis
2129 3998 2609 4075 versabantur

298 4150 498 4201 anno
542 4133 764 4205 1573.
806 4121 1086 4197 nullam
1139 4121 1338 4196 enim
1389 4121 1608 4196 aliam
1652 4121 1876 4197 fuisse
1921 4146 2281 4214 caussam,
2332 4122 2470 4198 nisi
2524 4139 2611 4198 ut

237 4330 242 4335 ,
298 4249 764 4348 scriptorem,
815 4272 964 4348 quo
1009 4245 1439 4345 plurimum,
1490 4245 2032 4338 delectabatur,
2077 4244 2424 4323 redderet
2474 4244 2612 4319 sibi

297 4371 760 4465 familiarem,
838 4381 1150 4449 testatur
1213 4369 1373 4470 ipse
1437 4367 1841 4463 Treterus3
1926 4367 2145 4468 hujus
2228 4369 2611 4447 materiam
