3000 4979
893 296 1444 366 SERMONUM
1492 299 1644 366 Lm.
1694 300 1784 366 11.
1833 311 1894 375 7.

482 471 869 540 Discedunt.

2422 316 2544 377 4³1

961 473 1217 539 Etenim
1251 476 1456 540 fateor
1486 498 1610 552 me,
1659 475 1899 542 dixerit
1927 476 2059 556 ille,

481 584 658 649 Duci
688 597 914 651 ventre
941 582 1184 661 levem3
1230 607 1453 651 nasum
1486 585 1718 652 nidore
1749 588 2050 672 supinor3

482 693 875 770 Imbecillus,
909 693 1102 771 inei-S,
1138 695 1190 759 si
1222 696 1375 782 quid
1410 697 1523 773 vis,
1556 696 1744 773 adde,
1774 699 2041 782 popino.

301 810 397 869 ⁴0
480 804 611 881 Tu,
647 825 795 869 cum
824 804 911 873 sis
939 804 1114 890 quod
1147 827 1290 893 ego,
1323 820 1389 871 et
1418 806 1707 871 fortassis
1736 809 2025 893 nequior,
2059 808 2230 874 ultro

474 914 817 992 Insectere,
850 914 1023 979 velut
1053 914 1328 981 melior?
1369 915 1705 1003 verbisque
1734 915 1984 982 decoris

481 1023 810 1091 obvolvas
838 1023 1111 1091 vitium?
1158 1025 1359 1104 Quid,

1391 1027 1444 1091 si
1475 1048 1578 1090 me
1608 1026 1861 1090 stultior
1890 1027 2033 1112 ipso

473 1134 865 1222 Quingentis
903 1148 1076 1201 emto
1104 1133 1427 1201 drachmis
1462 1132 1893 1221 deprendris?
1936 1136 2114 1202 aufer

477 1243 597 1308 Me
626 1244 811 1309 vultu
841 1258 1115 1321 terrere3
1158 1267 1424 1309 manum
1454 1244 1983 1332 stomachumque
2012 1260 2248 1327 teneto,

301 1362 386 1419 45

478 1354 681 1432 Dum,
716 1375 861 1439 quae
893 1353 1176 1439 Crispini
1206 1354 1430 1421 docuit
1460 1376 1562 1419 me
1581 1356 1844 1440 janitor,
1877 1357 2021 1422 edo.

479 1463 580 1529 Te
609 1465 844 1548 conjux
873 1463 1083 1529 aliena
1112 1465 1302 1549 capit,
1336 1465 1741 1530 meretricula
1771 1466 2060 1532 Davum:

478 1574 711 1639 Peccat
738 1579 879 1639 uter
908 1574 1199 1639 nostrum
1229 1596 1420 1640 cruce
1450 1573 1756 1661 dignius?
1800 1578 1962 1641 acris
1993 1578 2105 1642 ubi
2136 1600 2240 1644 me

478 1684 730 1750 Natura
759 1684 1066 1761 incendit,
1113 1686 1234 1750 sub
1264 1684 1439 1750 clara
1466 1685 1643 1750 nuda
1669 1686 1935 1752 lucerna

476 1794 900 1883 Quaecunque
930 1796 1185 1881 excepit
1214 1795 1530 1882 turgentis
1561 1795 1824 1860 verbera
1854 1797 2099 1875 caudae,

416 1945 429 1951 ἢ
481 1904 796 1970 Clunibus
829 1919 943 1971 aut
970 1906 1235 1994 agitavit
1264 1927 1500 1992 equum
1531 1906 1768 1972 lasciva
1796 1907 2121 1991 supinum,

474 2014 766 2081 Dimittit
796 2038 1004 2104 neque
1032 2015 1368 2095 famosum,
1418 2039 1623 2104 neque
1652 2017 1991 2096 solicitum,
2029 2040 2111 2082 ne

467 2123 689 2189 Ditior
718 2140 830 2191 aut
858 2128 1080 2192 formae
1111 2127 1392 2192 melioris
1424 2128 1619 2193 meiat
1648 2126 1895 2193 eodem.

470 2230 577 2300 Tu
609 2259 776 2315 cum,
809 2238 1104 2323 projectis
1133 2238 1513 2325 insignibuS,
1544 2237 1785 2303 annulo
1814 2236 2115 2323 equestri,

198 2439 265 2492 39
299 2429 397 2476 Sim
419 2427 527 2492 quid
544 2428 617 2476 'vis
642 2430 694 2476 V
687 2448 751 2478 en.
775 2431 908 2479 Glar-

196 2663 415 2711 Mnlvs‘us
473 2663 522 2710 in
580 2663 784 2726 pluribus
819 2665 987 2713 Libris.
1086 2669 1144 2715 ln
1200 2683 1331 2716 causa

194 2730 307 2786 fuit,
337 2730 460 2791 quod
493 2731 568 2792 (ut
588 2727 750 2791 saepius
769 2731 939 2778 dictum
961 2729 1051 2793 est)
1085 2732 1280 2781 Vocales
1297 2736 1335 2791 ι’,

194 2814 244 2852 ιι,
259 2806 307 2840 et
315 2812 353 2858 y
371 2795 464 2841 fere
480 2795 676 2856 ejusdem
694 2795 864 2842 fuerint
880 2795 1158 2858 prolationis.
1190 2799 1332 2845 Bent-

192 2859 313 2907 leius
333 2859 381 2906 in
405 2859 544 2906 Edito
564 2875 648 2906 suo
668 2860 820 2921 posuit
842 2862 1058 2908 Mulvium.

267 2934 329 2984 37
366 2925 550 2972 Dia-erit
568 2924 659 2982 ille,
691 2924 737 2971 b.
754 2941 795 2972 e.
806 2940 943 2987 ,posse
962 2926 1155 2988 aliquem
1171 2927 1333 2975 dicere.

192 2990 251 3035 Β.
316 2988 483 3035 Dicere
502 3001 651 3052 potest
672 2989 884 3037 Milvius.
928 2992 990 3036 G.

264 3050 328 3112 38
362 3053 546 3111 Leven,
575 3054 805 3116 cupidum.
848 3055 904 3102 B.
967 3055 1149 3104 Pictura
1186 3056 1331 3118 lepida

182 3131 354 3165 auram
376 3129 423 3165 et
444 3118 643 3166 nidorem
666 3118 920 3168 culinarum
940 3121 1177 3184 captantis,
1202 3123 1332 3184 cujus

187 3183 251 3229 ab
276 3181 374 3243 ipso
396 3183 597 3246 respiritu
622 3184 809 3233 tollatur
824 3197 872 3232 et
889 3185 1015 3234 velut
1034 3187 1331 3249 suspendatur

187 3261 348 3294 nasus.
392 3249 455 3294 G.

262 3323 329 3373 39
363 3312 545 3378 Papiae,
572 3315 839 3378 popinarum
871 3327 919 3363 et
949 3330 1194 3376 ganearum
1222 3332 1334 3365 con·

180 3389 372 3426 ectator
391 3391 439 3425 et
461 3391 649 3426 amator.
693 3381 756 3427 Z.

255 3444 519 3503 Inbecillus,
575 3447 709 3502 iners,

179 3521 403 3558 cessator.

254 3574 310 3621 Se·
330 3576 438 3638 qun'd
463 3577 558 3632 vis,
589 3574 635 3622 h.
655 3590 697 3621 e.
728 3573 775 3621 Si
798 3590 886 3638 qua
910 3576 1050 3638 cupis.
1080 3579 1145 3625 Et
1170 3577 1332 3627 Comi-

180 3653 294 3750 cun‘»
318 3650 387 3687 est
403 3650 452 3687 et
469 3639 672 3688 Mor-le.
703 3633 783 3699 lt·
803 3646 905 3699 tou
918 3641 1051 3702 tnnc
1071 3650 1171 3704 sup
1193 3641 1334 3692 vntnn

180 3711 240 3752 to
292 3710 333 3752 t.

253 3781 320 3827 4ο
357 3771 509 3828 Ultro,
548 3769 673 3819 nulla
707 3769 794 3818 alia
829 3785 959 3818 causa
991 3771 1079 3821 nisi
1110 3773 1232 3835 quod
1270 3772 1335 3820 ita

183 3835 328 3883 velis:
366 3836 461 3883 sola
482 3836 731 3883 voluntate.

249 3912 316 3958 42
349 3900 504 3948 Verba
555 3895 778 3947 obvolvas
819 3903 981 3948 vitium
1025 3914 1131 3950 sunt
1166 3900 1329 3949 ultima

180 3965 748 4098 xssffssoesissl-’J‘ffss‘zi
761 3965 949 4079 ῗίῖῧὲῑίἳ·
962 3967 1330 4096 ῑρῗῖῗοῗῗζὶἕξ

420 4062 437 4087 2
590 4065 605 4088 ²
1054 4065 1068 4089 2

180 4091 383 4152 lvl’ilvio,
395 4096 465 4143 tui
486 4096 657 4144 ordinis
670 4095 877 4155 homine,
889 4098 966 4143 sed
988 4112 1079 4153 me,
1092 4110 1234 4143 servo.
1268 4096 1330 4143 G.

254 4174 317 4222 43
354 4162 506 4273 Λαίαν
542 4172 717 4218 terrere,
746 4161 794 4208 h.
817 4177 857 4207 e.
893 4161 1015 4207 Vide
1047 4175 1104 4207 ne
1134 4172 1331 4217 terreas3

180 4227 380 4274 Comica
394 4243 420 4273 e
441 4227 609 4276 ocutio.
626 4228 682 4274 Β.
716 4226 813 4273 Hic
831 4242 991 4290 nempe
1006 4225 1190 4286 fingitur
1202 4225 1331 4271 fron-

174 4301 276 4337 tem
313 4291 598 4350 contrahere,
632 4303 680 4339 et
702 4291 927 4341 minacem
954 4290 1147 4351 digitum
1168 4289 1328 4338 tollere

166 4353 443 4408 *Ho‘iatiu'ae
493 4359 567 4404 At
596 4371 750 4404 servus
782 4357 980 4419 postulat
1003 4366 1055 4403 ut
1076 4356 1159 4402 sibi
1182 4355 1330 4410 liceat,

164 4417 319 4468 urvis*
342 4419 572 4481 cruribus,
608 4421 793 4471 recitare
815 4423 1022 4486 quaedam
1050 4422 1106 4470 de
1129 4419 1329 4483 Crispini

774 3444 949 3493 libidini
1008 3446 1229 3496 obnoxius
1284 3458 1332 3496 et

1035 2444 1100 2491 42
1132 2431 1224 2498 ipse
1250 2432 1384 2479 Glar.
1405 2430 1559 2477 Laub.

1222 2499 1355 2546 Glar.
1374 2497 1520 2545 Bentl.

1692 2443 1753 2491 45
1790 2429 2034 2496 Chrysippi
2068 2429 2123 2478 F.
2239 2429 2303 2487 46
2336 2434 2529 2499 conjunx

1394 2665 1771 2729 disputationibus
1803 2667 2018 2723 sublecta,
2058 2681 2150 2718 non
2195 2665 2241 2713 in
2276 2665 2526 2716 Horatium

1395 2732 1533 2789 dicta,
1553 2736 1630 2779 sed
1654 2731 1924 2792 invitiosos,
1944 2747 2046 2794 quae
2066 2743 2217 2779 tamen
2237 2731 2396 2777 vernili
2415 2747 2530 2794 qua-

1395 2798 1499 2845 dam
1522 2796 1797 2856 malignitate
1818 2808 2001 2859 torquet
2024 2797 2072 2843 iu
2094 2796 2268 2844 berum.
2311 2797 2376 2841 G.

1460 2876 1494 2918 4
1494 2873 1524 2920 5
1561 2861 1768 2920 Jan580r3
1789 2862 1899 2909 scite
1916 2863 2074 2909 Poetae
2094 2876 2246 2909 servus
2268 2859 2530 2923 Philosophi

1394 2940 1574 2974 servum
1595 2926 1738 2973 audit.

1459 3002 1521 3051 47
1558 2991 1712 3046 Acris,
1742 2989 1908 3047 calida}
1929 2989 2001 3037 vel
2020 2991 2192 3038 ardens.

1459 3052 1523 3114 48
1555 3053 1639 3102 Sub
1676 3054 1801 3103 clara
1841 3055 1959 3102 nuda
1998 3057 2193 3111 lucerna,
2237 3053 2286 3101 in
2325 3053 2533 3115 lupanari

1392 3120 1585 3169 scilicet:
1609 3120 1746 3167 etiam
1766 3119 2000 3185 Juvenalis
2020 3117 2274 3167 Messalina
2294 3130 2391 3165 erat
2395 3121 2530 3181 sm

1392 3187 1576 3234 lucerne
1603 3183 1729 3244 feda.
1773 3186 1826 3232 B.

1459 3263 1523 3310 51
1559 3251 1803 3307 Famam,
1832 3249 2062 3297 infamem.
2106 3250 2171 3296 Z.

1460 3328 1526 3375 52
1559 3316 1713 3362 Meiat
1758 3315 1926 3371 eoden3
1976 3313 2170 3376 projecte
2224 3312 2428 3375 loquitur
2475 3326 2531 3364 ut

1395 3395 1547 3429 verna.

1458 3458 1522 3506 53
1559 3446 1670 3494 Non
1693 3423 1846 3508 objicit
1875 3443 1973 3492 haec
1996 3459 2146 3492 servus
2168 3442 2397 3491 Horatio:
2433 3446 2533 3503 sed,
2623 3453 2630 3456 ⁴
2666 3456 2678 3467 ·

1394 3512 1463 3559 uti
1486 3512 1677 3567 dixerat,
1693 3511 1749 3557 de
1768 3510 1965 3572 Crispini
1987 3508 2386 3557 declamationibus
2403 3523 2533 3570 quae·

1394 3577 1496 3624 dam
1520 3588 1723 3638 repetere
1743 3591 1790 3623 se
1810 3575 1892 3632 ait,
1912 3580 2020 3637 (qua
2042 3573 2290 3622 oeconomia
2307 3573 2533 3621 Horatius

1398 3640 1538 3688 alium
1562 3642 1767 3689 mordere
1789 3640 1951 3698 voluit,
1965 3637 2175 3698 arbitror)
2200 3637 2318 3685 uude
2332 3637 2469 3686 etiam
2486 3656 2533 3687 v.

1400 3717 1480 3766 7²·
1512 3707 1612 3753 Non
1639 3724 1731 3753 suu
1764 3706 1953 3762 mechus,
1984 3715 2069 3751 etc.
2116 3704 2179 3750 Et
2204 3713 2422 3766 perpetuo
2441 3704 2531 3753 hoc

1397 3771 1628 3830 gloriatur,
1657 3771 1716 3818 ab
1735 3769 1905 3817 illicitis
1925 3785 1971 3816 se
1993 3783 2178 3831 purum.
2230 3769 2351 3830 Qun
2370 3768 2532 3818 fuisset

1394 3835 1695 3898 impudentia,
1748 3834 1846 3882 haec
1891 3834 1948 3881 de
1989 3841 2036 3880 se
2077 3833 2265 3880 scribere
2285 3830 2305 3881 ἓ
2358 3834 2533 3892 Taceo,

1395 3902 1518 3963 quod
1534 3917 1626 3948 non
1641 3911 1837 3957 constat,
1851 3914 1909 3946 an
1926 3897 2097 3946 annulo
2117 3898 2313 3960 equestri
2327 3913 2452 3956 usus,
2470 3915 2530 3946 an

1387 3966 1595 4028 judicum
1633 3965 1826 4013 decuriae
1869 3963 2002 4012 alicui
2040 3963 2288 4026 adscriptus
2323 3978 2530 4026 unquam

1395 4031 1581 4079 Flaccus
1609 4031 1773 4078 fuerit:
1811 4029 1919 4077 licet
1940 4027 2220 4076 Tribunatus
2241 4029 2284 4074 ei
2303 4026 2456 4076 locum
2480 4028 2529 4076 in

1393 4096 1690 4157 equestribus,
1720 4095 1863 4156 (unde
1884 4110 1976 4143 una
1997 4108 2102 4141 cum
2121 4094 2382 4146 Maecenate
2398 4093 2530 4141 ludo·

1391 4173 1591 4223 spectare
1608 4159 1777 4221 potuit,
1796 4161 1891 4207 Ser.
1913 4171 1958 4208 2.
1979 4155 2026 4207 6.
2047 4155 2148 4218 48.)
2169 4158 2368 4219 Augusti
2389 4158 2532 4218 gratia

1394 4241 1582 4273 censum
1603 4225 1723 4273 forte
1745 4239 1995 4286 equestrem
2019 4222 2205 4271 dederit.
2248 4225 2311 4269 G.

1459 4291 1636 4348 Annulo
1675 4293 1888 4364 quest-*13
1938 4287 2173 4335 vaferrime
2216 4300 2428 4350 tanquam
2473 4288 2531 4334 de

1392 4371 1583 4418 persona
1604 4370 1683 4404 sua
1704 4356 1923 4418 insignem
1959 4353 2152 4415 aliquem
2182 4353 2409 4403 moechum
2431 4367 2532 4416 per·

1392 4432 1522 4470 cunt.
