3000 4979
404 346 405 349 ¹
434 319 563 377 39¹2.

1149 306 1236 384 Q.
1273 302 1694 375 HoRATn
1746 278 2094 375 FL'Accr

531 491 614 553 75
709 481 1009 550 Putidius
1040 481 1248 547 multo
1278 482 1613 548 cerebrum
1636 498 1753 563 est,
1785 484 1943 549 mihi
1976 484 2185 564 crede,
2223 481 2454 552 Perint-

706 598 1056 676 Dictantis,
1092 596 1264 685 quod
1300 609 1375 663 tu
1401 620 1734 686 nunquam
1772 598 2118 664 rescribere
2148 600 2369 685 possis.

704 709 975 788 Audire,
1008 724 1202 799 atque
1229 723 1447 798 togam
1468 711 1674 797 jubeo
1703 734 2110 797 componere,
2144 714 2430 802 quisquis

702 823 1079 890 Ambitione
1109 824 1279 889 mala
1308 837 1420 890 aut
1447 826 1697 913 argenti
1729 824 1924 910 pallet
1955 848 2192 906 amore,

702 932 1014 1023 Quisquis
1040 934 1300 999 luxuria
1329 935 1573 999 tristive
1603 934 2073 1020 superstitione,

530 1051 615 1108 80
705 1045 841 1110 Aut
869 1046 998 1111 alio
1029 1048 1258 1111 mentis
1287 1046 1519 1112 morbo
1550 1047 1754 1124 calet3
1797 1047 1924 1111 huc
1956 1048 2220 1133 propius
2242 1071 2366 1126 me,

701 1157 883 1223 Dum
913 1160 1117 1224 doceo
1147 1160 1425 1223 insanire
1456 1181 1699 1238 omneS,
1729 1183 1842 1224 vos
1872 1159 2100 1224 ordine
2130 1160 2319 1224 adite.

702 1270 945 1335 Danda
967 1286 1065 1337 est
1093 1270 1402 1337 hellebori
1438 1272 1642 1336 multo
1670 1294 1822 1357 pars
1851 1273 2132 1337 maxima
2161 1275 2400 1338 avaris:

703 1378 945 1446 Nescio
975 1405 1058 1447 an
1093 1385 1471 1471 Anticyram
1504 1385 1669 1449 ratio
1700 1384 1828 1449 illis
1852 1385 2127 1450 destinet
2153 1408 2429 1452 omnem.

702 1492 1022 1559 Haeredes
1056 1496 1307 1562 Staberi
1340 1519 1652 1562 summam
1680 1496 1962 1561 incidere
1992 1496 2332 1583 sepulcro:

527 1613 611 1671 85
704 1606 795 1671 Ni
827 1609 918 1673 sic
947 1610 1266 1688 fecissent,
1299 1611 1730 1699 gladiatorum
1762 1610 1917 1675 dare
1949 1624 2206 1676 centum

701 1722 1016 1788 Damnati
1052 1725 1295 1810 populo
1325 1726 1534 1812 paria,
1569 1739 1764 1813 atque
1795 1723 2074 1809 epulum,
2108 1725 2373 1790 arbitrio
2406 1724 2593 1803 Arri;

703 1834 1041 1903 Frumenti
1072 1853 1385 1926 quantum
1417 1838 1601 1902 metit
1632 1837 1874 1902 Africa.
1925 1894 1930 1899 .
1965 1847 2011 1915 ΊῙ
2037 1836 2185 1902 Sive
2215 1860 2335 1925 ego
2366 1858 2596 1922 prave,

700 1949 831 2014 Seu
864 1964 1059 2030 recte,
1094 1950 1220 2016 hoc
1249 1951 1425 2016 volui
1449 1975 1469 2028 3
1512 1974 1594 2015 ne
1625 1951 1708 2015 sis
1738 1964 2003 2036 patruus
2033 1949 2211 2016 mihi.

701 2061 858 2129 Hoc
893 2064 1146 2131 Staberi
1178 2066 1561 2150 prudentem
1595 2065 1879 2130 animum
1912 2064 2163 2130 vidisse.

954 2252 1018 2302 86
1050 2254 1186 2314 Arri,
1217 2268 1264 2306 et
1287 2256 1433 2304 Bentl.
1458 2274 1495 2303 e.
1515 2258 1688 2321 conject-

503 2403 688 2451 Nollem
710 2419 814 2453 cum
839 2405 1050 2456 Bentleio
1087 2423 1256 2471 ponere
1285 2407 1473 2455 verbum
1513 2418 1577 2456 est

436 2468 491 2515 ad
516 2469 651 2517 finem
685 2470 819 2533 hujus
858 2486 1030 2531 versus,
1061 2474 1309 2536 praesertim
1334 2491 1438 2522 cum
1461 2491 1576 2537 pau-

434 2532 580 2582 ciores
600 2534 729 2582 Libri
754 2536 801 2583 id
835 2536 1024 2598 faciant,
1053 2551 1188 2602 atque
1229 2540 1323 2603 ipsa
1348 2552 1575 2588 structura

435 2599 590 2647 minus
612 2600 670 2648 sit
695 2601 926 2650 naturalis.

500 2665 621 2712 Bene
632 2685 650 2720 ,·
689 2668 850 2732 scilicet
869 2686 958 2716 ren
971 2687 1137 2733 gerere.
1167 2668 1281 2717 Vct.
1303 2669 1455 2717 Schol.
1480 2705 1514 2724 „A

504 2740 530 2787 7
533 2743 564 2789 5
599 2731 844 2790 Puriditcs,·
876 2739 1018 2799 uagis
1041 2738 1251 2782 insanum.
1290 2737 1399 2783 Vct.
1421 2735 1574 2783 Schol.

435 2792 718 2910 Mgaphora
751 2813 777 2844 a
809 2798 978 2860 putidis
1016 2799 1112 2846 ovis
1143 2802 1364 2848 desumta.
1429 2802 1576 2866 Qua

505 2925 712 2974 Perillfus
751 2928 905 2976 Cicuta
947 2932 1244 2978 amarissimus
1288 2932 1572 2995 consignator.

436 2992 552 3039 Vct.
578 2992 732 3040 schol.
751 2994 806 3040 Β.
868 2993 974 3041 Sive
998 2995 1138 3043 lCtus
1159 2996 1318 3054 fuerit,
1347 3013 1382 3043 s.
1397 2997 1574 3044 fenera-

432 3066 528 3113 tor,
575 3057 763 3106 callebat
801 3070 945 3107 artem
989 3064 1264 3125 consignandi
1307 3061 1483 3110 tabulas
1527 3073 1575 3109 et

434 3120 553 3182 leges
575 3135 855 3181 contractus,
885 3137 938 3173 ut
960 3140 1027 3173 eae
1044 3140 1189 3173 essent
1201 3142 1337 3189 quam
1357 3127 1574 3174 validissi-

437 3202 525 3234 mae
548 3199 596 3235 et
616 3188 863 3236 debitorem
904 3190 1281 3251 constringerent,
1320 3208 1375 3239 ne
1398 3192 1574 3239 calum-

436 3252 554 3299 niari
576 3265 656 3301 aut
674 3253 871 3314 effugere
890 3268 1055 3317 posset.
1120 3258 1208 3303 Sed
1231 3256 1452 3304 Horatius
1469 3257 1574 3319 qui-

438 3318 543 3365 dem
578 3316 703 3366 huuc
726 3319 965 3368 Perillium
996 3322 1295 3369 feneratorem
1319 3323 1428 3370 dicit
1450 3322 1572 3369 haud

435 3382 588 3440 dubie,
609 3399 746 3445 quem
778 3387 930 3448 putidi
957 3387 1117 3433 cerebri
1160 3399 1354 3434 accuset.
1424 3389 1575 3434 Cicuta

435 3448 619 3509 quidem
657 3465 819 3497 avarus
853 3449 1082 3497 fenerator
1124 3467 1229 3498 mox
1271 3451 1500 3500 inducitur
1530 3468 1576 3500 v.

431 3524 542 3572 ¹75·
569 3516 634 3562 G.

503 3576 564 3637 76
599 3580 822 3628 Die-tantis
834 3602 852 3636 ,·
888 3578 1332 3630 Tabellioniscilicet
1349 3580 1572 3630 cautionis

431 3643 678 3691 formulam
701 3645 1010 3709 componenti.

500 3708 755 3757 Rescribere
788 3722 852 3759 est
883 3724 966 3776 per
1002 3729 1153 3759 nense
1184 3713 1451 3775 scripturam
1473 3713 1570 3758 red-

433 3774 550 3830 dere,
568 3786 753 3822 auctore
774 3775 987 3825 Donato:
1025 3790 1070 3825 et
1087 3792 1166 3840 per
1188 3776 1274 3824 hoc
1293 3795 1305 3824 z
1344 3777 1570 3842 Scriptum

435 3838 570 3885 debiti
590 3839 795 3899 liberare,
825 3854 878 3890 ut
901 3842 979 3889 ait.
1009 3843 1120 3890 Vct.
1143 3841 1292 3888 Schol.

504 3914 566 3962 77
599 3904 767 3954 Adhuc
798 3921 901 3968 quae
939 3907 1116 3969 proprie
1150 3907 1204 3954 ad
1241 3907 1572 3970 Damasippum

433 3968 665 4029 pertinent
686 3970 932 4033 disputavit
955 3971 1217 4028 Stertinius,
1236 3987 1341 4020 cum
1357 3972 1573 4029 ostendit,

434 4031 666 4081 stultiores
689 4034 787 4097 ipso
806 4052 919 4092 esse,
932 4036 1011 4098 qui
1031 4037 1298 4084 crediderint
1318 4038 1572 4100 pecuniam.

432 4098 541 4163 Jam
565 4099 619 4146 ad
642 4100 840 4161 regulam
863 4117 992 4149 suam
1013 4102 1286 4163 generalem,
1322 4118 1368 4150 v.
1386 4116 1466 4164 45.
1486 4118 1572 4166 po-

430 4162 584 4220 sitam,
612 4165 744 4212 redit.
809 4168 872 4213 G.

502 4228 657 4294 Togata·
690 4241 927 4296 componere
967 4233 1087 4281 cultu
1147 4233 1338 4280 conciam·
1390 4232 1572 4298 diligen-

426 4293 517 4342 tius
538 4295 736 4343 audiunt.
799 4298 912 4344 Vet-
941 4297 1092 4345 Schol.
1126 4299 1180 4344 B.
1246 4297 1494 4346 Modestiae
1512 4297 1561 4345 in

430 4358 591 4421 primis
616 4372 701 4418 est,
731 4375 919 4408 manum
959 4362 1080 4411 intra
1120 4374 1272 4425 togam
1311 4365 1562 4413 continere.

427 4426 539 4473 vid.
560 4427 615 4474 ad
640 4442 681 4476 v.
703 4437 814 4494 254.
849 4428 913 4473 G.

2301 1958 2347 2028 ἹΙ
2374 1950 2590 2015 Credo

2256 2073 2301 2143 {1
2326 2063 2506 2141 Quid
2537 2085 2689 2151 ergo

1816 2250 1879 2315 89
1906 2251 2088 2315 jussisse
2109 2250 2269 2299 Lanb.

1710 2403 1770 2465 78
1804 2404 1999 2465 Dilogus
2034 2402 2202 2452 dicitur
2227 2403 2364 2460 nala,
2392 2417 2477 2465 pro
2516 2401 2773 2466 importuna

1641 2483 1686 2519 et
1707 2469 1937 2520 exitiabili.
2423 2482 2428 2487 ·

1708 2549 1769 2599 79
1798 2536 1995 2596 Dilogus
2028 2536 2165 2583 etiam
2190 2537 2311 2582 tristi
2330 2549 2414 2596 pro
2449 2547 2609 2582 moesta
2633 2546 2679 2581 et
2701 2550 2775 2580 ex-

1641 2602 1866 2650 secrabiliz
1905 2615 2010 2649 nam
2040 2602 2207 2649 usitato
2230 2600 2563 2662 Euphemisrno
2584 2600 2777 2648 detesta-

1635 2668 1739 2715 bilia
1764 2667 1916 2715 omnia
1936 2678 1981 2714 et
2004 2670 2154 2714 tristia
2171 2678 2218 2713 et
2241 2668 2360 2713 nala
2381 2665 2589 2713 dicimus.

1706 2732 1769 2781 80
1803 2734 1925 2780 Bene
1947 2735 2097 2779 mentis
2119 2731 2258 2778 morbo
2274 2753 2292 2785 ‚-
2330 2745 2439 2777 nam
2477 2730 2648 2777 Stoicis
2680 2746 2776 2778 om·

1640 2814 1719 2845 nes
1742 2798 1926 2845 affectus
1947 2796 2094 2844 morbi
2108 2797 2330 2844 videntur.
2362 2795 2419 2842 Β.
2488 2796 2700 2852 Calet,ut
2712 2796 2776 2843 se-

1640 2864 1915 2912 bricitantes.
1948 2864 2011 2909 G.

1705 2928 1768 2977 82
1805 2928 2033 2975 Helleboro
2067 2935 2295 2991 purgatur
2333 2925 2563 2974 cerebrm.

1640 2994 1791 3042 Schol.
1807 2995 1949 3054 Cruq.

1705 3057 1733 3107 8
1738 3072 1765 3119 3
1789 3060 1924 3106 Balio
1940 3079 1958 3113 ,-
1997 3055 2283 3118 Philosophia
2302 3056 2451 3104 Stoica
2469 3071 2575 3119 quae
2589 3056 2774 3104 rationis

1639 3140 1770 3172 usum
1794 3125 1947 3171 tradit.

1705 3188 1769 3247 84
1817 3189 2057 3246 Sunt-eam,

1638 3254 1790 3303 Schol-

1703 3318 1766 3368 86
1802 3319 1990 3368 Comice
2014 3318 2237 3365 Damnate·
2256 3332 2338 3378 pro
2355 3316 2541 3363 addicti.

1701 3385 1815 3432 Duo
1835 3397 1961 3431 erant
1983 3383 2177 3443 insignes
2200 3381 2470 3439 Catilloues,
2501 3380 2672 3444 Quinti
2685 3385 2774 3430 Ar-

1639 3450 1693 3498 rii
1717 3451 1815 3507 filii,
1833 3451 1887 3497 de
1911 3450 2073 3512 quibus
2109 3447 2298 3494 inferius
2333 3464 2377 3494 v.
2415 3458 2527 3507 243.
2560 3448 2614 3495 Β.
2665 3449 2775 3496 Pul-

1635 3516 1741 3564 chre
1762 3515 1997 3563 arbitrium
2017 3513 2249 3576 epularum
2273 3511 2518 3560 luxurioso
2530 3514 2772 3560 demanda-

1633 3592 1728 3639 tur,
1758 3593 1809 3628 ut
1833 3578 2146 3627 vehementius
2177 3578 2419 3636 multetur,
2437 3577 2518 3639 qui
2540 3579 2773 3627 commisit

1633 3647 1681 3693 in
1704 3647 1847 3708 legem
1869 3643 2146 3693 testamenti.
2178 3645 2241 3690 G.

1699 3710 1759 3771 87
1796 3709 1983 3776 Africa,
2012 3709 2230 3757 horreum
2254 3708 2409 3772 populi
2429 3708 2639 3757 Romani
2660 3709 2774 3758 bec.

1634 3777 1691 3824 Β.
1755 3778 1867 3824 vid.
1886 3777 1980 3823 od.
2002 3788 2046 3822 1.
2069 3788 2115 3822 1.
2138 3786 2215 3821 10.

1703 3839 1765 3890 88
1804 3843 1937 3889 Recte
1977 3839 2029 3887 fit
2067 3840 2189 3901 quod
2233 3840 2289 3886 ad
2331 3839 2520 3886 rationis
2562 3855 2770 3888 normam

1634 3907 1858 3965 acimum
1889 3907 2011 3968 quod
2032 3916 2209 3961 contra,
2223 3919 2373 3964 prave.

1703 3973 1930 4026 Pamm
1967 3969 2013 4016 h.
2051 3987 2092 4017 e.
2124 3970 2300 4026 Tutor,
2331 3969 2405 4016 vel
2440 3981 2628 4030 custos;
2678 3971 2773 4019 Co-

1633 4039 1767 4086 mice.
1797 4038 1851 4084 Β.
1903 4037 2048 4082 Vetat
2078 4035 2309 4083 Staberius
2343 4036 2563 4098 disputari
2596 4036 2654 4084 de
2690 4052 2774 4083 νο-

1634 4102 1811 4151 luntate
1831 4117 1929 4159 sua,
1958 4102 2034 4148 aed
2056 4100 2139 4148 sibi
2162 4100 2320 4162 pareri.
2383 4100 2575 4148 Interim
2598 4101 2773 4150 divinat

1638 4168 1881 4216 Stertinius
1904 4182 2009 4215 cum
2048 4166 2224 4213 actione
2247 4166 2442 4228 quadam
2465 4165 2774 4226 deliberantis,

1636 4249 1683 4282 se
1707 4233 1854 4296 ipsum
1878 4231 2197 4293 interrogantis
2211 4243 2259 4278 et
2280 4233 2608 4294 respondentis.
2641 4234 2705 4279 G.

1692 4296 1754 4362 89
1793 4298 2072 4354 Prudentem,
2094 4295 2348 4362 Ee'gamu‘e'f.
2395 4295 2508 4344 Vct.
2528 4296 2684 4344 Schol-
2703 4297 2767 4346 Et

1626 4365 1741 4411 mire
1763 4363 1944 4420 vidisse,
1961 4377 2067 4410 cum
2085 4365 2272 4426 prudens
2289 4363 2349 4411 sit
2363 4361 2488 4424 quasi
2512 4362 2767 4424 providas.

1626 4430 1820 4477 Viderat
1840 4429 2071 4477 Staberius
2092 4427 2423 4492 subjectionem
2437 4427 2574 4476 istam
2585 4427 2703 4490 fore,
2721 4438 2770 4476 et

2669 2928 2775 2974 vet.

2128 3187 2294 3236 relietae
2346 3190 2556 3248 pecunie.
2669 3189 2773 3235 Vct.

2935 2008 2948 2303 j
