3000 4979
1326 291 1454 350 285

949 666 956 673 .
1043 605 1158 681 W.
1198 602 1738 679 BAXTERI*

898 821 971 902 P
1034 823 1110 904 R
1153 823 1261 905 AE
1323 822 1390 903 F
1441 824 1523 905 A
1569 821 1642 902 'I'
1704 822 1743 903 Ι
1808 822 1884 904 O

1350 1035 1439 1078 AD

1115 1200 1672 1268 SATYRAS.

309 1390 420 1459 SA
429 1384 570 1457 TIS
608 1399 809 1454 notum
840 1398 926 1453 est
957 1389 1245 1454 Eruditis
1273 1392 1587 1455 Poeticam
1632 1399 1816 1476 atque
1850 1391 2116 1457 Choreas
2158 1391 2380 1457 Liberi
2426 1390 2562 1456 Pa-

212 1506 343 1569 tris
368 1502 568 1567 Choro
599 1501 803 1565 deberi
821 1530 842 1565 .-
890 1501 1057 1565 Nam
1085 1502 1408 1587 Ascripsit
1431 1502 1630 1567 Liber
1653 1502 1891 1568 Faunis
1914 1504 2281 1591 Satyrisque
2307 1484 2560 1582 Po'etas,

216 1628 293 1684 ut
325 1618 421 1682 vel
449 1618 579 1699 ipse
607 1616 703 1677 ait
731 1614 1065 1679 Horatius.
1153 1615 1472 1678 Immolato
1502 1617 1659 1678 enim
1689 1616 1859 1678 hirco
1888 1617 2026 1678 huic
2056 1616 2219 1693 Deo,
2253 1615 2325 1676 ob
2342 1616 2565 1699 piacu-

221 1734 421 1794 larem
469 1730 758 1792 demorsae
807 1728 953 1790 vitis
1000 1725 1315 1810 injuriam,
1368 1727 1720 1791 temulentus
1760 1729 2113 1791 rusticorum
2147 1728 2377 1792 Chorus
2406 1731 2571 1813 Τραι-

225 1836 432 1921 γῳδίαν
477 1836 699 1922 (quasi
740 1847 808 1901 tu
852 1839 1022 1900 dicas
1055 1836 1405 1901 Hircinum
1440 1837 1749 1918 Cautum)
1785 1839 2109 1904 Jocularia
2138 1841 2384 1916 scilicet,
2437 1837 2569 1922 Op-

209 1948 503 2033 probria,
578 1960 638 2013 et
692 1950 1067 2014 Fescennina
1117 1949 1412 2013 Carmina
1463 1948 1819 2034 Satyrorum
1876 1950 2090 2013 habitu
2141 1947 2568 2014 decantabant.

224 2060 522 2125 Instituto
552 2081 692 2124 vero
709 2070 928 2145 postea
956 2083 998 2124 a
1037 2060 1342 2144 Thespide
1370 2061 1698 2138 Dramate,
1735 2062 1967 2126 Chorus
1996 2064 2109 2126 iste
2136 2063 2300 2124 inter
2326 2062 2571 2139 scenas,

226 2193 350 2257 quo
377 2183 721 2236 moraretur
752 2174 1066 2258 populum,
1115 2172 1221 2236 sub
1249 2192 1406 2236 nova
1437 2172 1849 2236 Exordiotum
1889 2173 2303 2256 appellatione
2331 2170 2574 2256 Satyri·

226 2304 303 2345 ca
333 2304 445 2346 sua
474 2284 762 2346 saltando
808 2283 1118 2347 cantabat.
1214 2284 1363 2348 Cum
1413 2304 1554 2346 vero
1593 2284 1833 2346 tandem
1865 2284 1940 2345 de
1966 2283 2214 2345 licentia
2246 2282 2367 2345 ista
2411 2289 2576 2346 vetus

233 2394 546 2459 Comoedia
592 2405 956 2473 nasceretur,
1020 2405 1203 2480 atque
1246 2396 1374 2458 hoec
1418 2397 1633 2458 iterum
1666 2393 2071 2457 Macedonum
2091 2393 2273 2478 jussu
2310 2394 2576 2457 conticu-

228 2508 393 2585 isset,
439 2529 515 2572 ex
542 2506 667 2591 ejus
696 2509 955 2572 interitu
985 2509 1271 2572 Romana
1300 2508 1531 2592 Satyra
1575 2507 1816 2570 initium
1856 2507 2013 2588 cepit
2032 2539 2055 2577 ,·
2120 2527 2298 2589 quam
2338 2503 2578 2569 Lucili-

230 2641 332 2682 um
365 2620 633 2702 primum
682 2619 1044 2681 hexametris
1083 2627 1343 2682 tentasse
1382 2627 1634 2681 constat.
1726 2618 1970 2681 Verum
2003 2627 2215 2680 tamen
2247 2615 2576 2680 sciendum

233 2725 483 2812 (inquit
524 2727 704 2792 Vetus
732 2707 1089 2814 Inter-pres)
1123 2729 1279 2814 quia
1314 2729 1617 2815 Satyrum
1652 2727 1930 2792 Carmen
1963 2751 2003 2791 a
2030 2726 2243 2813 primo
2287 2728 2579 2792 omnium

234 2835 498 2902 Lucilio
527 2849 855 2922 repertum
887 2850 1000 2902 est.
1098 2836 1362 2903 Horatii
1397 2851 1610 2902 autem
1648 2837 1879 2924 Satyra
1922 2838 2091 2903 inter
2123 2837 2360 2903 Lucilii
2392 2851 2484 2903 est
2514 2850 2579 2903 et

234 2946 281 3012 J
285 2945 600 3023 uvenalis3
633 2967 784 3010 nam
809 2960 876 3011 et
896 2947 1305 3033 asperitatem
1334 2947 1530 3014 habet
1552 2971 1746 3036 quam
1770 2950 2078 3026 LuciliuS,
2112 2961 2174 3012 et
2198 2949 2576 3013 suavitatem

239 3079 441 3146 quam
462 3056 805 3122 Juvenalis.
852 3056 1157 3143 Denique
1180 3058 1305 3122 nisi
1328 3057 1372 3122 J
1374 3058 1658 3123 uvenalis
1682 3060 2029 3145 scripsisset
2055 3058 2177 3122 isto
2201 3079 2390 3121 nemo
2414 3069 2581 3121 esset

238 3164 496 3233 melior.
568 3167 744 3246 Quod
769 3169 858 3231 ad
883 3188 1094 3230 nomen
1122 3169 1362 3246 attinet,
1388 3169 1581 3254 fioere
1609 3170 1791 3232 etiam
1810 3171 1963 3233 'olim
1992 3172 2289 3247 nonnulli,
2329 3171 2436 3258 qui
2463 3171 2580 3236 Sa-

235 3291 447 3367 tyrum
478 3302 520 3343 a
555 3279 781 3368 Satyra
816 3278 1052 3343 Bacchi
1086 3279 1438 3363 Cererisque
1466 3281 1660 3358 lance,
1692 3282 2143 3364 omnigenarum
2157 3280 2421 3364 fiugum
2437 3281 2584 3364 pri-

237 3391 439 3454 mitiis
488 3390 736 3475 rfferta,
782 3389 1156 3451 nominatam
1206 3390 1638 3453 existimabant
1659 3424 1684 3464 ,-
1748 3392 1912 3475 quod
1951 3400 2010 3454 et
2049 3389 2228 3455 Vetus
2270 3391 2601 3473 Interpres·

239 3502 495 3579 monuit,
528 3510 589 3565 et
622 3501 1091 3586 Christopkorus
1120 3502 1471 3581 Landinus,
1504 3504 1603 3567 vir
1631 3524 1755 3565 non
1786 3503 2141 3580 ineruditus,
2173 3512 2320 3566 ante
2352 3502 2586 3566 Casau-

240 3611 460 3676 bonum
488 3612 802 3694 superiore
826 3612 1040 3675 saeculo
1068 3613 1401 3675 lucidenter
1429 3613 1744 3677 tractavit.
1815 3611 2033 3676 Verum
2068 3633 2256 3695 neque
2282 3611 2589 3678 Scholias-

240 3731 348 3786 ten
380 3723 576 3804 ipsum
615 3720 713 3784 his
729 3722 929 3804 fidem
972 3721 1249 3787 habuisse
1294 3733 1528 3788 constat
1556 3746 1630 3787 ex
1657 3723 1754 3786 his
1787 3742 1923 3806 quae
1950 3723 2019 3784 in
2048 3732 2239 3786 artem
2272 3720 2589 3789 Poeticam

240 3833 645 3915 conscripsit.-
696 3832 785 3896 ibi
821 3834 979 3896 enim
1030 3836 1338 3919 signfieat
1376 3856 1509 3899 eam
1549 3835 1773 3898 dictam
1802 3855 1843 3896 a
1875 3833 2135 3918 Satyri-5,
2190 3843 2251 3897 et
2291 3844 2501 3898 natam
2546 3857 2591 3900 a

253 3943 631 4028 Tragoediis.
748 3944 921 4023 Quin
975 3955 1036 4009 et
1093 3948 1233 4030 ipsa
1291 3948 1484 4011 Lan-r
1546 3947 1776 4033 Satyra
1828 3945 2068 4029 Satyris
2154 3965 2367 4007 nomen
2422 3966 2591 4009 suum

245 4054 463 4129 debet,
451 4088 466 4104 ·
522 4076 714 4140 neque
768 4066 927 4122 recte
969 4060 1154 4121 sentit
1199 4059 1590 4124 Cas-uubanus
1639 4058 1951 4122 dicendum
1976 4056 2133 4142 fore
2175 4077 2249 4120 ex
2277 4054 2592 4141 Analogia

317 4231 349 4260 ⁶
382 4228 711 4307 Relinqpimus
742 4248 905 4297 nempe
923 4232 972 4281 hi
958 4249 1001 4282 ne
1026 4233 1087 4281 eti
1075 4248 1164 4280 tam
1195 4247 1276 4280 m
1296 4233 1396 4282 viro
1458 4234 1698 4295 diligenter
1728 4234 2019 4311 propositam,
2047 4243 2096 4281 et
2116 4230 2425 4280 confirmatam
2446 4246 2593 4292 qusn-

244 4295 417 4355 doct03
449 4295 592 4359 siquis
613 4311 761 4346 meam
784 4301 840 4347 de
862 4300 1007 4348 Satira
1029 4299 1299 4347 sententiam
1320 4314 1395 4345 re·
1460 4311 1513 4347 tu
1484 4316 1563 4347 um
1602 4298 1709 4346 satis
1741 4311 1827 4358 est,
1877 4299 2062 4348 nveniet
2093 4297 2143 4346 in
2162 4295 2405 4346 Thesauro
2436 4307 2592 4346 ιιωῑω

241 4359 420 4424 quirat,
469 4377 496 4410 a
535 4361 878 4414 emuboniana
911 4381 1007 4414 ιιοιι
1042 4364 1394 4422 abhorrentem
1461 4364 1782 4429 Stephnuiano.
1812 4314 1907 4413 Gi¹

2790 1626 2887 1723 *J
