<?xml version="1.0" encoding="UTF-8"?>
<!DOCTYPE html PUBLIC "-//W3C//DTD XHTML 1.0 Transitional//EN"
    "http://www.w3.org/TR/xhtml1/DTD/xhtml1-transitional.dtd">
<html xmlns="http://www.w3.org/1999/xhtml" xml:lang="en" lang="en">
 <head>
  <title>
</title>
<meta http-equiv="Content-Type" content="text/html;charset=utf-8" />
  <meta name='ocr-system' content='tesseract 3.04.00' />
  <meta name='ocr-capabilities' content='ocr_page ocr_carea ocr_par ocr_line ocrx_word'/>
</head>
<body>
  <div class='ocr_page' id='page_1' title='image "./qhoratiiflaccie03horagoog_0150.png"; bbox 0 0 3000 4979; ppageno 0'>
   <div class='ocr_carea' id='block_1_1' title="bbox 1210 308 2160 386">
    <p class='ocr_par' dir='ltr' id='par_1_1' title="bbox 1210 308 2160 386">
     <span class='ocr_line' id='line_1_1' title="bbox 1210 308 2160 386; baseline 0.008 -13"><span class='ocrx_word' id='word_1_1' title='bbox 1210 310 1294 386; x_wconf 89' lang='lat' dir='ltr'>Q.</span> <span class='ocrx_word' id='word_1_2' title='bbox 1345 308 1789 379; x_wconf 85' lang='lat' dir='ltr'>HORATII.</span> <span class='ocrx_word' id='word_1_3' title='bbox 1816 316 2160 383; x_wconf 87' lang='lat' dir='ltr'><strong>FLACCI</strong></span> 
     </span>
    </p>
   </div>
   <div class='ocr_carea' id='block_1_2' title="bbox 599 482 2186 1240">
    <p class='ocr_par' dir='ltr' id='par_1_2' title="bbox 599 482 2186 1240">
     <span class='ocr_line' id='line_1_2' title="bbox 765 482 2065 577; baseline 0.006 -29"><span class='ocrx_word' id='word_1_4' title='bbox 765 482 885 555; x_wconf 87' lang='lat' dir='ltr'>Me</span> <span class='ocrx_word' id='word_1_5' title='bbox 916 485 1133 551; x_wconf 80' lang='lat' dir='ltr'>dulces</span> <span class='ocrx_word' id='word_1_6' title='bbox 1163 485 1447 552; x_wconf 84' lang='lat' dir='ltr'>dominae</span> <span class='ocrx_word' id='word_1_7' title='bbox 1479 486 1676 554; x_wconf 79' lang='lat' dir='ltr'>Musa</span> <span class='ocrx_word' id='word_1_8' title='bbox 1706 489 2065 577; x_wconf 85' lang='lat' dir='ltr'>Lycimniae</span> 
     </span>
     <span class='ocr_line' id='line_1_3' title="bbox 765 595 1992 695; baseline 0.005 -34"><span class='ocrx_word' id='word_1_9' title='bbox 765 595 1033 675; x_wconf 81' lang='lat' dir='ltr'>CantuS,</span> <span class='ocrx_word' id='word_1_10' title='bbox 1081 619 1183 661; x_wconf 86' lang='lat' dir='ltr'>me</span> <span class='ocrx_word' id='word_1_11' title='bbox 1214 597 1416 695; x_wconf 78' lang='lat' dir='ltr'>voluit</span> <span class='ocrx_word' id='word_1_12' title='bbox 1446 598 1662 665; x_wconf 86' lang='lat' dir='ltr'>dicere</span> <span class='ocrx_word' id='word_1_13' title='bbox 1699 600 1992 667; x_wconf 87' lang='lat' dir='ltr'>lucidum</span> 
     </span>
     <span class='ocr_line' id='line_1_4' title="bbox 599 705 1971 796; baseline 0.004 -25"><span class='ocrx_word' id='word_1_14' title='bbox 599 712 678 771; x_wconf 86' lang='lat'>15</span> <span class='ocrx_word' id='word_1_15' title='bbox 773 705 1122 796; x_wconf 82' lang='lat' dir='ltr'><strong>Fulgentes</strong></span> <span class='ocrx_word' id='word_1_16' title='bbox 1152 709 1394 788; x_wconf 74' lang='lat' dir='ltr'>ocuIOS,</span> <span class='ocrx_word' id='word_1_17' title='bbox 1443 723 1508 776; x_wconf 85' lang='lat' dir='ltr'>et</span> <span class='ocrx_word' id='word_1_18' title='bbox 1539 711 1703 776; x_wconf 85' lang='lat' dir='ltr'>bene</span> <span class='ocrx_word' id='word_1_19' title='bbox 1731 713 1971 777; x_wconf 84' lang='lat' dir='ltr'>mutuis</span> 
     </span>
     <span class='ocr_line' id='line_1_5' title="bbox 945 818 1827 905; baseline 0.005 -23"><span class='ocrx_word' id='word_1_20' title='bbox 945 818 1178 884; x_wconf 87' lang='lat' dir='ltr'><strong>Fidum</strong></span> <span class='ocrx_word' id='word_1_21' title='bbox 1207 833 1432 905; x_wconf 85' lang='lat' dir='ltr'>pectus</span> <span class='ocrx_word' id='word_1_22' title='bbox 1462 822 1827 900; x_wconf 81' lang='lat' dir='ltr'>amoribus3</span> 
     </span>
     <span class='ocr_line' id='line_1_6' title="bbox 773 926 2186 1018; baseline 0.003 -25"><span class='ocrx_word' id='word_1_23' title='bbox 773 926 989 1005; x_wconf 81' lang='lat' dir='ltr'>Quam</span> <span class='ocrx_word' id='word_1_24' title='bbox 1020 951 1139 995; x_wconf 88' lang='lat' dir='ltr'>nec</span> <span class='ocrx_word' id='word_1_25' title='bbox 1167 929 1332 996; x_wconf 84' lang='lat' dir='ltr'>ferre</span> <span class='ocrx_word' id='word_1_26' title='bbox 1360 931 1593 1018; x_wconf 86' lang='lat' dir='ltr'>pedem</span> <span class='ocrx_word' id='word_1_27' title='bbox 1624 931 1921 997; x_wconf 83' lang='lat' dir='ltr'><strong>dedecuit</strong></span> <span class='ocrx_word' id='word_1_28' title='bbox 1951 931 2186 1011; x_wconf 75' lang='lat' dir='ltr'>choriS,</span> 
     </span>
     <span class='ocr_line' id='line_1_7' title="bbox 771 1038 2032 1126; baseline 0 -21"><span class='ocrx_word' id='word_1_29' title='bbox 771 1038 914 1105; x_wconf 87' lang='lat' dir='ltr'>Nec</span> <span class='ocrx_word' id='word_1_30' title='bbox 946 1051 1190 1105; x_wconf 81' lang='lat' dir='ltr'>certare</span> <span class='ocrx_word' id='word_1_31' title='bbox 1210 1042 1384 1126; x_wconf 87' lang='lat' dir='ltr'>joco,</span> <span class='ocrx_word' id='word_1_32' title='bbox 1432 1064 1551 1106; x_wconf 88' lang='lat' dir='ltr'>nec</span> <span class='ocrx_word' id='word_1_33' title='bbox 1583 1041 1738 1107; x_wconf 81' lang='lat' dir='ltr'>dare</span> <span class='ocrx_word' id='word_1_34' title='bbox 1766 1041 2032 1106; x_wconf 79' lang='lat' dir='ltr'>brachia</span> 
     </span>
     <span class='ocr_line' id='line_1_8' title="bbox 770 1147 2025 1240; baseline 0.002 -25"><span class='ocrx_word' id='word_1_35' title='bbox 770 1147 1136 1216; x_wconf 85' lang='lat' dir='ltr'>Ludentem</span> <span class='ocrx_word' id='word_1_36' title='bbox 1166 1151 1386 1217; x_wconf 80' lang='lat' dir='ltr'>nitidis</span> <span class='ocrx_word' id='word_1_37' title='bbox 1417 1153 1794 1240; x_wconf 78' lang='lat' dir='ltr'>virginibuS,</span> <span class='ocrx_word' id='word_1_38' title='bbox 1842 1175 2025 1217; x_wconf 85' lang='lat' dir='ltr'>sacro</span> 
     </span>
    </p>
   </div>
   <div class='ocr_carea' id='block_1_3' title="bbox 599 1262 1633 1329">
    <p class='ocr_par' dir='ltr' id='par_1_3' title="bbox 599 1262 1633 1329">
     <span class='ocr_line' id='line_1_9' title="bbox 599 1262 1633 1329; baseline 0 -1"><span class='ocrx_word' id='word_1_39' title='bbox 599 1271 686 1328; x_wconf 76' lang='lat'>20</span> <span class='ocrx_word' id='word_1_40' title='bbox 942 1262 1180 1328; x_wconf 82' lang='lat' dir='ltr'>Dianae</span> <span class='ocrx_word' id='word_1_41' title='bbox 1210 1262 1476 1329; x_wconf 82' lang='lat' dir='ltr'>celebris</span> <span class='ocrx_word' id='word_1_42' title='bbox 1508 1264 1633 1329; x_wconf 89' lang='lat' dir='ltr'>die.</span> 
     </span>
    </p>
   </div>
   <div class='ocr_carea' id='block_1_4' title="bbox 773 1371 2187 1770">
    <p class='ocr_par' dir='ltr' id='par_1_4' title="bbox 773 1371 2187 1459">
     <span class='ocr_line' id='line_1_10' title="bbox 773 1371 2187 1459; baseline 0.001 -23"><span class='ocrx_word' id='word_1_43' title='bbox 773 1371 951 1437; x_wconf 88' lang='lat' dir='ltr'>Num</span> <span class='ocrx_word' id='word_1_44' title='bbox 983 1385 1074 1450; x_wconf 89' lang='lat' dir='ltr'>tu,</span> <span class='ocrx_word' id='word_1_45' title='bbox 1124 1396 1269 1459; x_wconf 81' lang='lat' dir='ltr'>quae</span> <span class='ocrx_word' id='word_1_46' title='bbox 1302 1376 1510 1439; x_wconf 86' lang='lat' dir='ltr'>tenuit</span> <span class='ocrx_word' id='word_1_47' title='bbox 1539 1375 1713 1439; x_wconf 83' lang='lat' dir='ltr'>dives</span> <span class='ocrx_word' id='word_1_48' title='bbox 1746 1374 2187 1451; x_wconf 73' lang='lat' dir='ltr'>AchaemeneS,</span> 
     </span>
    </p>

    <p class='ocr_par' dir='ltr' id='par_1_5' title="bbox 774 1482 2177 1572">
     <span class='ocr_line' id='line_1_11' title="bbox 774 1482 2177 1572; baseline 0 -25"><span class='ocrx_word' id='word_1_49' title='bbox 774 1482 912 1547; x_wconf 90' lang='lat' dir='ltr'>Aut</span> <span class='ocrx_word' id='word_1_50' title='bbox 941 1483 1199 1570; x_wconf 88' lang='lat' dir='ltr'>pinguis</span> <span class='ocrx_word' id='word_1_51' title='bbox 1234 1482 1539 1571; x_wconf 72' lang='lat' dir='ltr'>Phrygiae</span> <span class='ocrx_word' id='word_1_52' title='bbox 1571 1483 1968 1572; x_wconf 82' lang='lat' dir='ltr'>Mygdonias</span> <span class='ocrx_word' id='word_1_53' title='bbox 1999 1506 2177 1570; x_wconf 59' lang='lat' dir='ltr'>opem,</span> 
     </span>
    </p>

    <p class='ocr_par' dir='ltr' id='par_1_6' title="bbox 775 1592 1960 1770">
     <span class='ocr_line' id='line_1_12' title="bbox 775 1592 1960 1680; baseline 0.001 -24"><span class='ocrx_word' id='word_1_54' title='bbox 775 1592 1152 1658; x_wconf 84' lang='lat' dir='ltr'>Permutare</span> <span class='ocrx_word' id='word_1_55' title='bbox 1184 1592 1337 1658; x_wconf 87' lang='lat' dir='ltr'>velis</span> <span class='ocrx_word' id='word_1_56' title='bbox 1369 1594 1548 1659; x_wconf 86' lang='lat' dir='ltr'>crine</span> <span class='ocrx_word' id='word_1_57' title='bbox 1581 1594 1960 1680; x_wconf 72' lang='lat' dir='ltr'>LyCImniae‚</span> 
     </span>
     <span class='ocr_line' id='line_1_13' title="bbox 944 1702 1958 1770; baseline -0.001 -1"><span class='ocrx_word' id='word_1_58' title='bbox 944 1703 1181 1769; x_wconf 82' lang='lat' dir='ltr'><strong>Plenas</strong></span> <span class='ocrx_word' id='word_1_59' title='bbox 1215 1719 1326 1769; x_wconf 82' lang='lat' dir='ltr'>aut</span> <span class='ocrx_word' id='word_1_60' title='bbox 1357 1705 1651 1770; x_wconf 80' lang='lat' dir='ltr'><strong>Arabum</strong></span> <span class='ocrx_word' id='word_1_61' title='bbox 1684 1702 1958 1770; x_wconf 80' lang='lat' dir='ltr'>domos?</span> 
     </span>
    </p>
   </div>
   <div class='ocr_carea' id='block_1_5' title="bbox 514 1891 2849 2025">
    <p class='ocr_par' dir='ltr' id='par_1_7' title="bbox 514 1891 2849 2025">
     <span class='ocr_line' id='line_1_14' title="bbox 514 1891 2849 1962; baseline -0.004 -18"><span class='ocrx_word' id='word_1_62' title='bbox 514 1909 573 1959; x_wconf 85' lang='lat'>13</span> <span class='ocrx_word' id='word_1_63' title='bbox 607 1895 865 1962; x_wconf 80' lang='lat' dir='ltr'>Lyeimniae</span> <span class='ocrx_word' id='word_1_64' title='bbox 897 1899 1065 1962; x_wconf 73' lang='lat' dir='ltr'>optinui,</span> <span class='ocrx_word' id='word_1_65' title='bbox 1097 1903 1225 1948; x_wconf 70' lang='lat' dir='ltr'>etian-</span> <span class='ocrx_word' id='word_1_66' title='bbox 1264 1902 1386 1947; x_wconf 74' lang='lat' dir='ltr'>Gon.</span> <span class='ocrx_word' id='word_1_67' title='bbox 1448 1896 1643 1945; x_wconf 73' lang='lat' dir='ltr'>Liciniae</span> <span class='ocrx_word' id='word_1_68' title='bbox 1683 1915 1712 1943; x_wconf 78' lang='lat' dir='ltr'><em>a</em></span> <span class='ocrx_word' id='word_1_69' title='bbox 1745 1899 1945 1944; x_wconf 74' lang='lat' dir='ltr'>Laudine</span> <span class='ocrx_word' id='word_1_70' title='bbox 1975 1914 2060 1944; x_wconf 78' lang='lat' dir='ltr'>me</span> <span class='ocrx_word' id='word_1_71' title='bbox 2093 1897 2282 1944; x_wconf 76' lang='lat' dir='ltr'>videtur.</span> <span class='ocrx_word' id='word_1_72' title='bbox 2346 1891 2610 1957; x_wconf 63' lang='lat' dir='ltr'>Licymnia!</span> <span class='ocrx_word' id='word_1_73' title='bbox 2640 1892 2788 1940; x_wconf 74' lang='lat' dir='ltr'>Bentl.</span> <span class='ocrx_word' id='word_1_74' title='bbox 2811 1902 2849 1936; x_wconf 81' lang='lat' dir='ltr'>et</span> 
     </span>
     <span class='ocr_line' id='line_1_15' title="bbox 1098 1960 2274 2025; baseline -0.003 -15"><span class='ocrx_word' id='word_1_75' title='bbox 1098 1964 1205 2013; x_wconf 79' lang='lat' dir='ltr'>Cun.</span> <span class='ocrx_word' id='word_1_76' title='bbox 1250 1969 1314 2013; x_wconf 88' lang='lat' dir='ltr'>G.</span> <span class='ocrx_word' id='word_1_77' title='bbox 1380 1962 1592 2025; x_wconf 78' lang='lat' dir='ltr'>Lyciniae</span> <span class='ocrx_word' id='word_1_78' title='bbox 1620 1963 1754 2010; x_wconf 77' lang='lat' dir='ltr'>Glar.</span> <span class='ocrx_word' id='word_1_79' title='bbox 1816 1962 2089 2025; x_wconf 83' lang='lat' dir='ltr'>Lycymniae</span> <span class='ocrx_word' id='word_1_80' title='bbox 2113 1960 2274 2010; x_wconf 68' lang='lat' dir='ltr'>Lamb.</span> 
     </span>
    </p>
   </div>
   <div class='ocr_carea' id='block_1_6' title="bbox 514 2114 1664 4530">
    <p class='ocr_par' dir='ltr' id='par_1_8' title="bbox 514 2114 1659 2571">
     <span class='ocr_line' id='line_1_16' title="bbox 579 2114 1653 2166; baseline 0.007 -6"><span class='ocrx_word' id='word_1_81' title='bbox 579 2114 812 2162; x_wconf 83' lang='lat' dir='ltr'>Torrentii</span> <span class='ocrx_word' id='word_1_82' title='bbox 836 2114 983 2163; x_wconf 83' lang='lat' dir='ltr'><strong>MSS.</strong></span> <span class='ocrx_word' id='word_1_83' title='bbox 1013 2116 1235 2165; x_wconf 81' lang='lat' dir='ltr'>habebant</span> <span class='ocrx_word' id='word_1_84' title='bbox 1260 2121 1530 2166; x_wconf 73' lang='lat' dir='ltr'>minantium,</span> <span class='ocrx_word' id='word_1_85' title='bbox 1562 2127 1653 2158; x_wconf 72' lang='lat'>⁰0¹²</span> 
     </span>
     <span class='ocr_line' id='line_1_17' title="bbox 517 2177 1654 2242; baseline -0.004 -15"><span class='ocrx_word' id='word_1_86' title='bbox 517 2180 746 2228; x_wconf 61' lang='lat' dir='ltr'>minacius·</span> <span class='ocrx_word' id='word_1_87' title='bbox 762 2197 781 2234; x_wconf 83' lang='lat'>,-</span> <span class='ocrx_word' id='word_1_88' title='bbox 808 2182 928 2242; x_wconf 89' lang='lat' dir='ltr'>quod</span> <span class='ocrx_word' id='word_1_89' title='bbox 951 2181 1082 2242; x_wconf 82' lang='lat' dir='ltr'>longe</span> <span class='ocrx_word' id='word_1_90' title='bbox 1104 2184 1328 2232; x_wconf 82' lang='lat' dir='ltr'>efficacius</span> <span class='ocrx_word' id='word_1_91' title='bbox 1351 2183 1549 2233; x_wconf 83' lang='lat' dir='ltr'>videtur,</span> <span class='ocrx_word' id='word_1_92' title='bbox 1570 2177 1654 2224; x_wconf 81' lang='lat' dir='ltr'>etsi</span> 
     </span>
     <span class='ocr_line' id='line_1_18' title="bbox 517 2244 1654 2307; baseline -0.001 -15"><span class='ocrx_word' id='word_1_93' title='bbox 517 2244 670 2292; x_wconf 81' lang='lat' dir='ltr'>minus</span> <span class='ocrx_word' id='word_1_94' title='bbox 712 2246 871 2307; x_wconf 85' lang='lat' dir='ltr'>probet</span> <span class='ocrx_word' id='word_1_95' title='bbox 910 2247 1157 2297; x_wconf 83' lang='lat' dir='ltr'>Bentleius.</span> <span class='ocrx_word' id='word_1_96' title='bbox 1223 2249 1275 2295; x_wconf 92' lang='lat' dir='ltr'>B.</span> <span class='ocrx_word' id='word_1_97' title='bbox 1364 2246 1654 2295; x_wconf 65' lang='lat' dir='ltr'>Memmium</span> 
     </span>
     <span class='ocr_line' id='line_1_19' title="bbox 518 2310 1659 2377; baseline -0.002 -21"><span class='ocrx_word' id='word_1_98' title='bbox 518 2325 683 2373; x_wconf 80' lang='lat' dir='ltr'>nempe</span> <span class='ocrx_word' id='word_1_99' title='bbox 710 2310 849 2371; x_wconf 74' lang='lat' dir='ltr'>magis</span> <span class='ocrx_word' id='word_1_100' title='bbox 880 2325 1034 2361; x_wconf 84' lang='lat' dir='ltr'>actum</span> <span class='ocrx_word' id='word_1_101' title='bbox 1057 2314 1203 2376; x_wconf 77' lang='lat' dir='ltr'>ipsum</span> <span class='ocrx_word' id='word_1_102' title='bbox 1234 2313 1400 2377; x_wconf 84' lang='lat' dir='ltr'>pingit:</span> <span class='ocrx_word' id='word_1_103' title='bbox 1433 2316 1659 2359; x_wconf 71' lang='lat' dir='ltr'>minantur</span> 
     </span>
     <span class='ocr_line' id='line_1_20' title="bbox 517 2375 1659 2438; baseline 0 -17"><span class='ocrx_word' id='word_1_104' title='bbox 517 2385 625 2422; x_wconf 80' lang='lat' dir='ltr'>actu</span> <span class='ocrx_word' id='word_1_105' title='bbox 646 2390 790 2436; x_wconf 78' lang='lat' dir='ltr'>reges,</span> <span class='ocrx_word' id='word_1_106' title='bbox 809 2387 855 2423; x_wconf 91' lang='lat' dir='ltr'>et</span> <span class='ocrx_word' id='word_1_107' title='bbox 878 2378 1023 2425; x_wconf 71' lang='lat' dir='ltr'>minae</span> <span class='ocrx_word' id='word_1_108' title='bbox 1045 2380 1177 2426; x_wconf 88' lang='lat' dir='ltr'>vultu</span> <span class='ocrx_word' id='word_1_109' title='bbox 1200 2382 1464 2434; x_wconf 84' lang='lat' dir='ltr'>ostendunt,</span> <span class='ocrx_word' id='word_1_110' title='bbox 1485 2378 1531 2423; x_wconf 89' lang='lat' dir='ltr'>in</span> <span class='ocrx_word' id='word_1_111' title='bbox 1561 2375 1659 2438; x_wconf 86' lang='lat' dir='ltr'>ipso</span> 
     </span>
     <span class='ocr_line' id='line_1_21' title="bbox 518 2441 1658 2505; baseline 0.001 -19"><span class='ocrx_word' id='word_1_112' title='bbox 518 2454 698 2504; x_wconf 88' lang='lat' dir='ltr'>quoque</span> <span class='ocrx_word' id='word_1_113' title='bbox 720 2441 951 2505; x_wconf 84' lang='lat' dir='ltr'>triumpho</span> <span class='ocrx_word' id='word_1_114' title='bbox 972 2459 1064 2493; x_wconf 86' lang='lat' dir='ltr'>non</span> <span class='ocrx_word' id='word_1_115' title='bbox 1087 2445 1324 2495; x_wconf 80' lang='lat' dir='ltr'>dediscunt</span> <span class='ocrx_word' id='word_1_116' title='bbox 1349 2442 1527 2492; x_wconf 82' lang='lat' dir='ltr'>minari.</span> <span class='ocrx_word' id='word_1_117' title='bbox 1597 2442 1658 2488; x_wconf 85' lang='lat' dir='ltr'>Ut</span> 
     </span>
     <span class='ocr_line' id='line_1_22' title="bbox 514 2506 1112 2571; baseline 0.008 -20"><span class='ocrx_word' id='word_1_118' title='bbox 514 2508 691 2571; x_wconf 72' lang='lat' dir='ltr'>pictura</span> <span class='ocrx_word' id='word_1_119' title='bbox 714 2506 860 2569; x_wconf 67' lang='lat' dir='ltr'>poc&#39;sia</span> <span class='ocrx_word' id='word_1_120' title='bbox 880 2508 983 2556; x_wconf 85' lang='lat' dir='ltr'>erit.</span> <span class='ocrx_word' id='word_1_121' title='bbox 1048 2512 1112 2557; x_wconf 89' lang='lat' dir='ltr'>G.</span> 
     </span>
    </p>

    <p class='ocr_par' dir='ltr' id='par_1_9' title="bbox 520 2573 1661 2690">
     <span class='ocr_line' id='line_1_23' title="bbox 587 2573 1661 2637; baseline 0.001 -19"><span class='ocrx_word' id='word_1_122' title='bbox 587 2584 647 2632; x_wconf 80' lang='lat'>13</span> <span class='ocrx_word' id='word_1_123' title='bbox 684 2573 881 2620; x_wconf 66' lang='lat' dir='ltr'>Dos-ina</span> <span class='ocrx_word' id='word_1_124' title='bbox 936 2577 1002 2622; x_wconf 73' lang='lat' dir='ltr'>ait</span> <span class='ocrx_word' id='word_1_125' title='bbox 1051 2577 1351 2624; x_wconf 72' lang='lat' dir='ltr'>adolescentum</span> <span class='ocrx_word' id='word_1_126' title='bbox 1396 2592 1528 2632; x_wconf 73' lang='lat' dir='ltr'>more,</span> <span class='ocrx_word' id='word_1_127' title='bbox 1586 2574 1661 2637; x_wconf 78' lang='lat' dir='ltr'>qui</span> 
     </span>
     <span class='ocr_line' id='line_1_24' title="bbox 520 2639 1421 2690; baseline 0.003 -5"><span class='ocrx_word' id='word_1_128' title='bbox 520 2651 698 2685; x_wconf 60' lang='lat' dir='ltr'>amatas</span> <span class='ocrx_word' id='word_1_129' title='bbox 719 2639 908 2686; x_wconf 62' lang='lat' dir='ltr'>dominas</span> <span class='ocrx_word' id='word_1_130' title='bbox 930 2650 1099 2688; x_wconf 70' lang='lat' dir='ltr'>vocant.</span> <span class='ocrx_word' id='word_1_131' title='bbox 1135 2642 1246 2690; x_wconf 73' lang='lat' dir='ltr'>Yet.</span> <span class='ocrx_word' id='word_1_132' title='bbox 1269 2641 1421 2689; x_wconf 88' lang='lat' dir='ltr'>Schol.</span> 
     </span>
    </p>

    <p class='ocr_par' dir='ltr' id='par_1_10' title="bbox 519 2701 1664 4530">
     <span class='ocr_line' id='line_1_25' title="bbox 583 2701 1657 2767; baseline 0 -18"><span class='ocrx_word' id='word_1_133' title='bbox 583 2701 806 2750; x_wconf 88' lang='lat' dir='ltr'>Meminit</span> <span class='ocrx_word' id='word_1_134' title='bbox 829 2716 875 2751; x_wconf 87' lang='lat' dir='ltr'>ct</span> <span class='ocrx_word' id='word_1_135' title='bbox 897 2706 1155 2767; x_wconf 76' lang='lat' dir='ltr'>Lycimniae</span> <span class='ocrx_word' id='word_1_136' title='bbox 1177 2707 1413 2767; x_wconf 80' lang='lat' dir='ltr'>Virgilius.</span> <span class='ocrx_word' id='word_1_137' title='bbox 1459 2705 1657 2752; x_wconf 80' lang='lat' dir='ltr'>Maeom‘o</span> 
     </span>
     <span class='ocr_line' id='line_1_26' title="bbox 519 2768 1657 2837; baseline 0.003 -23"><span class='ocrx_word' id='word_1_138' title='bbox 519 2769 613 2832; x_wconf 73' lang='lat' dir='ltr'>regi</span> <span class='ocrx_word' id='word_1_139' title='bbox 642 2786 762 2831; x_wconf 69' lang='lat' dir='ltr'>quen</span> <span class='ocrx_word' id='word_1_140' title='bbox 794 2786 926 2817; x_wconf 80' lang='lat' dir='ltr'>serva</span> <span class='ocrx_word' id='word_1_141' title='bbox 950 2772 1180 2837; x_wconf 65' lang='lat' dir='ltr'>Lyci-nia</span> <span class='ocrx_word' id='word_1_142' title='bbox 1199 2773 1372 2836; x_wconf 72' lang='lat' dir='ltr'>furtim</span> <span class='ocrx_word' id='word_1_143' title='bbox 1403 2768 1657 2817; x_wconf 77' lang='lat' dir='ltr'>Sustulerat.</span> 
     </span>
     <span class='ocr_line' id='line_1_27' title="bbox 521 2833 1655 2897; baseline 0 -17"><span class='ocrx_word' id='word_1_144' title='bbox 521 2833 577 2880; x_wconf 88' lang='lat' dir='ltr'>B.</span> <span class='ocrx_word' id='word_1_145' title='bbox 625 2834 842 2894; x_wconf 80' lang='lat' dir='ltr'>Magnam</span> <span class='ocrx_word' id='word_1_146' title='bbox 865 2836 1053 2883; x_wconf 84' lang='lat' dir='ltr'>eruditis</span> <span class='ocrx_word' id='word_1_147' title='bbox 1072 2836 1334 2885; x_wconf 85' lang='lat' dir='ltr'>hominibus</span> <span class='ocrx_word' id='word_1_148' title='bbox 1364 2851 1519 2885; x_wconf 83' lang='lat' dir='ltr'>curam</span> <span class='ocrx_word' id='word_1_149' title='bbox 1542 2835 1655 2897; x_wconf 87' lang='lat' dir='ltr'>inje-</span> 
     </span>
     <span class='ocr_line' id='line_1_28' title="bbox 522 2897 1656 2961; baseline 0.002 -16"><span class='ocrx_word' id='word_1_150' title='bbox 522 2898 586 2945; x_wconf 85' lang='lat' dir='ltr'>cit</span> <span class='ocrx_word' id='word_1_151' title='bbox 608 2897 706 2946; x_wconf 83' lang='lat' dir='ltr'>haec</span> <span class='ocrx_word' id='word_1_152' title='bbox 728 2898 892 2961; x_wconf 83' lang='lat' dir='ltr'>puella.</span> <span class='ocrx_word' id='word_1_153' title='bbox 974 2901 1146 2949; x_wconf 85' lang='lat' dir='ltr'>Praeter</span> <span class='ocrx_word' id='word_1_154' title='bbox 1167 2912 1546 2950; x_wconf 81' lang='lat' dir='ltr'>commentatores</span> <span class='ocrx_word' id='word_1_155' title='bbox 1566 2899 1656 2947; x_wconf 86' lang='lat' dir='ltr'>vid.</span> 
     </span>
     <span class='ocr_line' id='line_1_29' title="bbox 525 2963 1657 3028; baseline 0.001 -18"><span class='ocrx_word' id='word_1_156' title='bbox 525 2963 668 3011; x_wconf 84' lang='lat' dir='ltr'>Faber</span> <span class='ocrx_word' id='word_1_157' title='bbox 685 2964 828 3027; x_wconf 76' lang='lat' dir='ltr'>Epist.</span> <span class='ocrx_word' id='word_1_158' title='bbox 851 2978 896 3014; x_wconf 80' lang='lat'>2.</span> <span class='ocrx_word' id='word_1_159' title='bbox 915 2978 995 3026; x_wconf 83' lang='lat'>52.</span> <span class='ocrx_word' id='word_1_160' title='bbox 1028 2968 1100 3014; x_wconf 88' lang='lat' dir='ltr'>Re</span> <span class='ocrx_word' id='word_1_161' title='bbox 1123 2967 1378 3027; x_wconf 80' lang='lat' dir='ltr'>diligentius</span> <span class='ocrx_word' id='word_1_162' title='bbox 1397 2967 1510 3022; x_wconf 81' lang='lat' dir='ltr'>fere,</span> <span class='ocrx_word' id='word_1_163' title='bbox 1523 2981 1657 3028; x_wconf 88' lang='lat' dir='ltr'>quam</span> 
     </span>
     <span class='ocr_line' id='line_1_30' title="bbox 524 3030 1659 3091; baseline 0 -15"><span class='ocrx_word' id='word_1_164' title='bbox 524 3030 803 3088; x_wconf 82' lang='lat' dir='ltr'>merebatur,</span> <span class='ocrx_word' id='word_1_165' title='bbox 835 3031 1131 3091; x_wconf 73' lang='lat' dir='ltr'>considerata,</span> <span class='ocrx_word' id='word_1_166' title='bbox 1150 3033 1281 3081; x_wconf 74' lang='lat' dir='ltr'>nobis</span> <span class='ocrx_word' id='word_1_167' title='bbox 1301 3032 1541 3080; x_wconf 84' lang='lat' dir='ltr'>videbatur</span> <span class='ocrx_word' id='word_1_168' title='bbox 1563 3046 1659 3077; x_wconf 80' lang='lat' dir='ltr'>rna-</span> 
     </span>
     <span class='ocr_line' id='line_1_31' title="bbox 522 3097 1661 3155; baseline 0.001 -14"><span class='ocrx_word' id='word_1_169' title='bbox 522 3106 706 3142; x_wconf 81' lang='lat' dir='ltr'>tronam</span> <span class='ocrx_word' id='word_1_170' title='bbox 742 3111 779 3142; x_wconf 79' lang='lat' dir='ltr'>a.</span> <span class='ocrx_word' id='word_1_171' title='bbox 817 3097 1025 3145; x_wconf 67' lang='lat' dir='ltr'>danim</span> <span class='ocrx_word' id='word_1_172' title='bbox 1065 3098 1356 3155; x_wconf 73' lang='lat' dir='ltr'>Maecenatis,</span> <span class='ocrx_word' id='word_1_173' title='bbox 1396 3098 1445 3145; x_wconf 85' lang='lat' dir='ltr'><em>T</em></span> <span class='ocrx_word' id='word_1_174' title='bbox 1437 3100 1661 3153; x_wconf 68' lang='lat' dir='ltr'>eremium,</span> 
     </span>
     <span class='ocr_line' id='line_1_32' title="bbox 526 3160 1660 3226; baseline 0 -18"><span class='ocrx_word' id='word_1_175' title='bbox 526 3160 736 3221; x_wconf 80' lang='lat' dir='ltr'>intelligi,</span> <span class='ocrx_word' id='word_1_176' title='bbox 764 3160 884 3208; x_wconf 80' lang='lat' dir='ltr'>forte</span> <span class='ocrx_word' id='word_1_177' title='bbox 907 3177 1060 3211; x_wconf 77' lang='lat' dir='ltr'>recens</span> <span class='ocrx_word' id='word_1_178' title='bbox 1090 3174 1191 3211; x_wconf 89' lang='lat' dir='ltr'>tum</span> <span class='ocrx_word' id='word_1_179' title='bbox 1216 3176 1424 3226; x_wconf 78' lang='lat' dir='ltr'>nuptam,</span> <span class='ocrx_word' id='word_1_180' title='bbox 1457 3174 1537 3209; x_wconf 89' lang='lat' dir='ltr'>aut</span> <span class='ocrx_word' id='word_1_181' title='bbox 1558 3174 1660 3224; x_wconf 83' lang='lat' dir='ltr'>post</span> 
     </span>
     <span class='ocr_line' id='line_1_33' title="bbox 524 3226 1661 3276; baseline -0.001 -1"><span class='ocrx_word' id='word_1_182' title='bbox 524 3226 774 3275; x_wconf 78' lang='lat' dir='ltr'>divortium</span> <span class='ocrx_word' id='word_1_183' title='bbox 786 3227 1040 3276; x_wconf 83' lang='lat' dir='ltr'>reductam.</span> <span class='ocrx_word' id='word_1_184' title='bbox 1072 3228 1247 3276; x_wconf 82' lang='lat' dir='ltr'>Puellae</span> <span class='ocrx_word' id='word_1_185' title='bbox 1262 3227 1425 3276; x_wconf 90' lang='lat' dir='ltr'>humili</span> <span class='ocrx_word' id='word_1_186' title='bbox 1443 3243 1535 3275; x_wconf 89' lang='lat' dir='ltr'>non</span> <span class='ocrx_word' id='word_1_187' title='bbox 1550 3243 1661 3275; x_wconf 88' lang='lat' dir='ltr'>con-</span> 
     </span>
     <span class='ocr_line' id='line_1_34' title="bbox 525 3292 1660 3355; baseline 0 -16"><span class='ocrx_word' id='word_1_188' title='bbox 525 3292 735 3350; x_wconf 78' lang='lat' dir='ltr'>veniunt,</span> <span class='ocrx_word' id='word_1_189' title='bbox 765 3307 867 3355; x_wconf 78' lang='lat' dir='ltr'>quae</span> <span class='ocrx_word' id='word_1_190' title='bbox 891 3294 945 3339; x_wconf 88' lang='lat' dir='ltr'>de</span> <span class='ocrx_word' id='word_1_191' title='bbox 967 3294 1132 3341; x_wconf 78' lang='lat' dir='ltr'>Dianae</span> <span class='ocrx_word' id='word_1_192' title='bbox 1159 3310 1283 3342; x_wconf 73' lang='lat' dir='ltr'>sacro</span> <span class='ocrx_word' id='word_1_193' title='bbox 1304 3294 1534 3342; x_wconf 85' lang='lat' dir='ltr'>dicuntur.</span> <span class='ocrx_word' id='word_1_194' title='bbox 1596 3293 1660 3339; x_wconf 89' lang='lat' dir='ltr'>Et</span> 
     </span>
     <span class='ocr_line' id='line_1_35' title="bbox 525 3359 1661 3420; baseline -0.003 -14"><span class='ocrx_word' id='word_1_195' title='bbox 525 3374 630 3419; x_wconf 79' lang='lat' dir='ltr'>quae</span> <span class='ocrx_word' id='word_1_196' title='bbox 675 3359 731 3405; x_wconf 87' lang='lat' dir='ltr'>de</span> <span class='ocrx_word' id='word_1_197' title='bbox 776 3360 891 3403; x_wconf 74' lang='lat' dir='ltr'>crine</span> <span class='ocrx_word' id='word_1_198' title='bbox 931 3360 1182 3420; x_wconf 62' lang='lat' dir='ltr'>Lychnitis-e,</span> <span class='ocrx_word' id='word_1_199' title='bbox 1237 3376 1289 3407; x_wconf 87' lang='lat' dir='ltr'>ea</span> <span class='ocrx_word' id='word_1_200' title='bbox 1326 3359 1462 3405; x_wconf 79' lang='lat' dir='ltr'>nimis</span> <span class='ocrx_word' id='word_1_201' title='bbox 1505 3359 1661 3404; x_wconf 76' lang='lat' dir='ltr'>insana</span> 
     </span>
     <span class='ocr_line' id='line_1_36' title="bbox 523 3422 1662 3485; baseline -0.001 -16"><span class='ocrx_word' id='word_1_202' title='bbox 523 3422 700 3471; x_wconf 80' lang='lat' dir='ltr'>fuerint</span> <span class='ocrx_word' id='word_1_203' title='bbox 721 3423 775 3469; x_wconf 88' lang='lat' dir='ltr'>de</span> <span class='ocrx_word' id='word_1_204' title='bbox 798 3436 1065 3483; x_wconf 89' lang='lat' dir='ltr'>quacunque</span> <span class='ocrx_word' id='word_1_205' title='bbox 1083 3424 1186 3481; x_wconf 85' lang='lat' dir='ltr'>alia,</span> <span class='ocrx_word' id='word_1_206' title='bbox 1203 3440 1337 3485; x_wconf 87' lang='lat' dir='ltr'>quam</span> <span class='ocrx_word' id='word_1_207' title='bbox 1357 3424 1410 3469; x_wconf 88' lang='lat' dir='ltr'>de</span> <span class='ocrx_word' id='word_1_208' title='bbox 1425 3423 1662 3477; x_wconf 83' lang='lat' dir='ltr'>Terentia,</span> 
     </span>
     <span class='ocr_line' id='line_1_37' title="bbox 527 3485 1660 3550; baseline -0.003 -14"><span class='ocrx_word' id='word_1_209' title='bbox 527 3488 565 3536; x_wconf 71' lang='lat' dir='ltr'>ai</span> <span class='ocrx_word' id='word_1_210' title='bbox 592 3490 815 3542; x_wconf 86' lang='lat' dir='ltr'>dicantur,</span> <span class='ocrx_word' id='word_1_211' title='bbox 848 3502 951 3547; x_wconf 76' lang='lat' dir='ltr'>quae</span> <span class='ocrx_word' id='word_1_212' title='bbox 972 3499 1072 3534; x_wconf 90' lang='lat' dir='ltr'>tum</span> <span class='ocrx_word' id='word_1_213' title='bbox 1094 3504 1280 3547; x_wconf 80' lang='lat' dir='ltr'>regnum</span> <span class='ocrx_word' id='word_1_214' title='bbox 1313 3485 1660 3550; x_wconf 84' lang='lat' dir='ltr'>pulchritudinis</span> 
     </span>
     <span class='ocr_line' id='line_1_38' title="bbox 524 3552 1661 3613; baseline -0.003 -13"><span class='ocrx_word' id='word_1_215' title='bbox 524 3553 729 3600; x_wconf 84' lang='lat' dir='ltr'>obtinere</span> <span class='ocrx_word' id='word_1_216' title='bbox 755 3552 1011 3609; x_wconf 82' lang='lat' dir='ltr'>videbatur,</span> <span class='ocrx_word' id='word_1_217' title='bbox 1039 3563 1209 3599; x_wconf 84' lang='lat' dir='ltr'>certare</span> <span class='ocrx_word' id='word_1_218' title='bbox 1244 3552 1387 3598; x_wconf 68' lang='lat' dir='ltr'>Liviae</span> <span class='ocrx_word' id='word_1_219' title='bbox 1402 3567 1531 3608; x_wconf 84' lang='lat' dir='ltr'>ausa,</span> <span class='ocrx_word' id='word_1_220' title='bbox 1558 3566 1661 3613; x_wconf 79' lang='lat' dir='ltr'>cap-</span> 
     </span>
     <span class='ocr_line' id='line_1_39' title="bbox 525 3617 1663 3678; baseline -0.001 -15"><span class='ocrx_word' id='word_1_221' title='bbox 525 3617 675 3666; x_wconf 79' lang='lat' dir='ltr'>tivum</span> <span class='ocrx_word' id='word_1_222' title='bbox 699 3620 868 3666; x_wconf 80' lang='lat' dir='ltr'>ducens</span> <span class='ocrx_word' id='word_1_223' title='bbox 890 3618 1170 3678; x_wconf 81' lang='lat' dir='ltr'>Augustum.</span> <span class='ocrx_word' id='word_1_224' title='bbox 1203 3618 1268 3664; x_wconf 88' lang='lat' dir='ltr'>V.</span> <span class='ocrx_word' id='word_1_225' title='bbox 1299 3617 1396 3664; x_wconf 88' lang='lat' dir='ltr'>Dio</span> <span class='ocrx_word' id='word_1_226' title='bbox 1415 3629 1498 3675; x_wconf 87' lang='grc'>54.</span> <span class='ocrx_word' id='word_1_227' title='bbox 1523 3627 1597 3674; x_wconf 88' lang='lat'>17.</span> <span class='ocrx_word' id='word_1_228' title='bbox 1619 3632 1663 3678; x_wconf 86' lang='lat' dir='ltr'>p.</span> 
     </span>
     <span class='ocr_line' id='line_1_40' title="bbox 525 3681 1662 3745; baseline -0.001 -17"><span class='ocrx_word' id='word_1_229' title='bbox 525 3694 639 3742; x_wconf 79' lang='lat'>533.</span> <span class='ocrx_word' id='word_1_230' title='bbox 660 3684 725 3729; x_wconf 78' lang='lat' dir='ltr'>E:</span> <span class='ocrx_word' id='word_1_231' title='bbox 772 3695 819 3730; x_wconf 92' lang='lat' dir='ltr'>et</span> <span class='ocrx_word' id='word_1_232' title='bbox 841 3695 993 3731; x_wconf 76' lang='lat' dir='ltr'>noster</span> <span class='ocrx_word' id='word_1_233' title='bbox 1013 3683 1158 3745; x_wconf 84' lang='lat' dir='ltr'>Epod.</span> <span class='ocrx_word' id='word_1_234' title='bbox 1182 3697 1259 3741; x_wconf 84' lang='lat'>14.</span> <span class='ocrx_word' id='word_1_235' title='bbox 1282 3695 1339 3742; x_wconf 84' lang='lat'>13</span> <span class='ocrx_word' id='word_1_236' title='bbox 1358 3698 1369 3728; x_wconf 73' lang='grc' dir='ltr'><strong><em>ε</em></strong></span> <span class='ocrx_word' id='word_1_237' title='bbox 1412 3681 1585 3742; x_wconf 85' lang='lat' dir='ltr'>reliqua</span> <span class='ocrx_word' id='word_1_238' title='bbox 1607 3682 1662 3727; x_wconf 88' lang='lat' dir='ltr'>de</span> 
     </span>
     <span class='ocr_line' id='line_1_41' title="bbox 525 3745 1661 3811; baseline -0.002 -17"><span class='ocrx_word' id='word_1_239' title='bbox 525 3747 748 3795; x_wconf 86' lang='lat' dir='ltr'>Terentia</span> <span class='ocrx_word' id='word_1_240' title='bbox 766 3750 885 3811; x_wconf 88' lang='lat' dir='ltr'>aqud</span> <span class='ocrx_word' id='word_1_241' title='bbox 902 3749 1126 3796; x_wconf 81' lang='lat' dir='ltr'>Meibom.</span> <span class='ocrx_word' id='word_1_242' title='bbox 1142 3749 1338 3795; x_wconf 76' lang='lat' dir='ltr'>Maeccn.</span> <span class='ocrx_word' id='word_1_243' title='bbox 1361 3763 1401 3795; x_wconf 88' lang='lat' dir='ltr'>c.</span> <span class='ocrx_word' id='word_1_244' title='bbox 1425 3758 1504 3805; x_wconf 78' lang='lat'>27.</span> <span class='ocrx_word' id='word_1_245' title='bbox 1524 3745 1661 3792; x_wconf 88' lang='lat' dir='ltr'>Hanc</span> 
     </span>
     <span class='ocr_line' id='line_1_42' title="bbox 527 3812 1663 3877; baseline -0.002 -18"><span class='ocrx_word' id='word_1_246' title='bbox 527 3812 750 3860; x_wconf 72' lang='lat' dir='ltr'>Licinian-</span> <span class='ocrx_word' id='word_1_247' title='bbox 788 3829 970 3877; x_wconf 89' lang='lat' dir='ltr'>quoque</span> <span class='ocrx_word' id='word_1_248' title='bbox 1002 3813 1167 3860; x_wconf 86' lang='lat' dir='ltr'>dictam</span> <span class='ocrx_word' id='word_1_249' title='bbox 1203 3813 1359 3870; x_wconf 79' lang='lat' dir='ltr'>fuisse,</span> <span class='ocrx_word' id='word_1_250' title='bbox 1395 3812 1478 3871; x_wconf 80' lang='lat' dir='ltr'>sic,</span> <span class='ocrx_word' id='word_1_251' title='bbox 1508 3812 1663 3870; x_wconf 87' lang='lat' dir='ltr'>credo,</span> 
     </span>
     <span class='ocr_line' id='line_1_43' title="bbox 525 3878 1661 3940; baseline -0.002 -16"><span class='ocrx_word' id='word_1_252' title='bbox 525 3878 761 3939; x_wconf 84' lang='lat' dir='ltr'>colligunt.</span> <span class='ocrx_word' id='word_1_253' title='bbox 827 3879 1032 3927; x_wconf 82' lang='lat' dir='ltr'>Murena</span> <span class='ocrx_word' id='word_1_254' title='bbox 1058 3878 1149 3936; x_wconf 85' lang='lat' dir='ltr'>ille,</span> <span class='ocrx_word' id='word_1_255' title='bbox 1179 3879 1258 3940; x_wconf 91' lang='lat' dir='ltr'>qui</span> <span class='ocrx_word' id='word_1_256' title='bbox 1291 3891 1450 3926; x_wconf 86' lang='lat' dir='ltr'>contra</span> <span class='ocrx_word' id='word_1_257' title='bbox 1472 3879 1661 3936; x_wconf 78' lang='lat' dir='ltr'>Augus-</span> 
     </span>
     <span class='ocr_line' id='line_1_44' title="bbox 527 3942 1663 4006; baseline -0.003 -15"><span class='ocrx_word' id='word_1_258' title='bbox 527 3955 629 3991; x_wconf 89' lang='lat' dir='ltr'>tum</span> <span class='ocrx_word' id='word_1_259' title='bbox 663 3943 936 4006; x_wconf 81' lang='lat' dir='ltr'>conjuravit,</span> <span class='ocrx_word' id='word_1_260' title='bbox 964 3944 1104 3992; x_wconf 81' lang='lat' dir='ltr'>frater</span> <span class='ocrx_word' id='word_1_261' title='bbox 1132 3943 1223 3992; x_wconf 83' lang='lat' dir='ltr'>fuit</span> <span class='ocrx_word' id='word_1_262' title='bbox 1255 3943 1390 4006; x_wconf 72' lang='lat' dir='ltr'>hujus</span> <span class='ocrx_word' id='word_1_263' title='bbox 1411 3942 1663 4000; x_wconf 70' lang='lat' dir='ltr'>Terendae,</span> 
     </span>
     <span class='ocr_line' id='line_1_45' title="bbox 524 4008 1659 4074; baseline -0.001 -19"><span class='ocrx_word' id='word_1_264' title='bbox 524 4018 642 4056; x_wconf 73' lang='lat' dir='ltr'>teste</span> <span class='ocrx_word' id='word_1_265' title='bbox 663 4008 817 4056; x_wconf 88' lang='lat' dir='ltr'>Dione</span> <span class='ocrx_word' id='word_1_266' title='bbox 838 4022 920 4068; x_wconf 87' lang='grc'>54.</span> <span class='ocrx_word' id='word_1_267' title='bbox 941 4023 988 4069; x_wconf 83' lang='lat'>3.</span> <span class='ocrx_word' id='word_1_268' title='bbox 1007 4026 1052 4072; x_wconf 86' lang='lat' dir='ltr'>p.</span> <span class='ocrx_word' id='word_1_269' title='bbox 1071 4022 1185 4070; x_wconf 81' lang='lat'>522.</span> <span class='ocrx_word' id='word_1_270' title='bbox 1217 4011 1273 4056; x_wconf 81' lang='lat' dir='ltr'>E.</span> <span class='ocrx_word' id='word_1_271' title='bbox 1325 4010 1430 4074; x_wconf 85' lang='lat' dir='ltr'>Jam</span> <span class='ocrx_word' id='word_1_272' title='bbox 1455 4008 1659 4054; x_wconf 83' lang='lat' dir='ltr'>Murena</span> 
     </span>
     <span class='ocr_line' id='line_1_46' title="bbox 526 4071 1660 4137; baseline -0.004 -16"><span class='ocrx_word' id='word_1_273' title='bbox 526 4071 738 4122; x_wconf 77' lang='lat' dir='ltr'>Licinius</span> <span class='ocrx_word' id='word_1_274' title='bbox 770 4074 880 4132; x_wconf 82' lang='lat' dir='ltr'>fuit,</span> <span class='ocrx_word' id='word_1_275' title='bbox 910 4077 1032 4137; x_wconf 89' lang='lat' dir='ltr'>quod</span> <span class='ocrx_word' id='word_1_276' title='bbox 1064 4087 1110 4122; x_wconf 89' lang='lat' dir='ltr'>et</span> <span class='ocrx_word' id='word_1_277' title='bbox 1143 4089 1392 4136; x_wconf 79' lang='lat' dir='ltr'>cognomen</span> <span class='ocrx_word' id='word_1_278' title='bbox 1415 4073 1561 4135; x_wconf 69' lang='lat' dir='ltr'>ipsum</span> <span class='ocrx_word' id='word_1_279' title='bbox 1585 4071 1660 4118; x_wconf 87' lang='lat' dir='ltr'>in-</span> 
     </span>
     <span class='ocr_line' id='line_1_47' title="bbox 525 4137 1659 4202; baseline -0.002 -17"><span class='ocrx_word' id='word_1_280' title='bbox 525 4139 666 4196; x_wconf 87' lang='lat' dir='ltr'>dicat,</span> <span class='ocrx_word' id='word_1_281' title='bbox 698 4150 746 4186; x_wconf 88' lang='lat' dir='ltr'>et</span> <span class='ocrx_word' id='word_1_282' title='bbox 773 4139 935 4187; x_wconf 73' lang='lat' dir='ltr'>diserte</span> <span class='ocrx_word' id='word_1_283' title='bbox 958 4140 1021 4188; x_wconf 81' lang='lat' dir='ltr'>sic</span> <span class='ocrx_word' id='word_1_284' title='bbox 1042 4155 1148 4187; x_wconf 87' lang='lat' dir='ltr'>eum</span> <span class='ocrx_word' id='word_1_285' title='bbox 1180 4139 1372 4202; x_wconf 84' lang='lat' dir='ltr'>appellat</span> <span class='ocrx_word' id='word_1_286' title='bbox 1394 4138 1505 4185; x_wconf 89' lang='lat' dir='ltr'>Dio.</span> <span class='ocrx_word' id='word_1_287' title='bbox 1570 4137 1659 4183; x_wconf 86' lang='lat' dir='ltr'>Sed</span> 
     </span>
     <span class='ocr_line' id='line_1_48' title="bbox 525 4202 1659 4252; baseline -0.002 -2"><span class='ocrx_word' id='word_1_288' title='bbox 525 4203 650 4250; x_wconf 89' lang='lat' dir='ltr'>idem</span> <span class='ocrx_word' id='word_1_289' title='bbox 671 4203 812 4251; x_wconf 89' lang='lat' dir='ltr'>homo</span> <span class='ocrx_word' id='word_1_290' title='bbox 832 4205 969 4252; x_wconf 84' lang='lat' dir='ltr'>etiam</span> <span class='ocrx_word' id='word_1_291' title='bbox 987 4206 1137 4252; x_wconf 85' lang='lat' dir='ltr'>Varro</span> <span class='ocrx_word' id='word_1_292' title='bbox 1153 4216 1340 4252; x_wconf 84' lang='lat' dir='ltr'>vocatur</span> <span class='ocrx_word' id='word_1_293' title='bbox 1361 4205 1518 4251; x_wconf 87' lang='lat' dir='ltr'>Sueto.</span> <span class='ocrx_word' id='word_1_294' title='bbox 1549 4202 1659 4249; x_wconf 88' lang='lat' dir='ltr'>Tib.</span> 
     </span>
     <span class='ocr_line' id='line_1_49' title="bbox 527 4266 1660 4332; baseline -0.004 -15"><span class='ocrx_word' id='word_1_295' title='bbox 527 4266 578 4317; x_wconf 85' lang='lat'>8.</span> <span class='ocrx_word' id='word_1_296' title='bbox 597 4270 719 4332; x_wconf 89' lang='lat' dir='ltr'>quod</span> <span class='ocrx_word' id='word_1_297' title='bbox 738 4268 1066 4318; x_wconf 82' lang='lat' dir='ltr'>Terentiorum</span> <span class='ocrx_word' id='word_1_298' title='bbox 1089 4284 1339 4330; x_wconf 82' lang='lat' dir='ltr'>cognomen</span> <span class='ocrx_word' id='word_1_299' title='bbox 1362 4279 1446 4315; x_wconf 81' lang='lat' dir='ltr'>est.</span> <span class='ocrx_word' id='word_1_300' title='bbox 1477 4266 1660 4314; x_wconf 86' lang='lat' dir='ltr'>Scilicet</span> 
     </span>
     <span class='ocr_line' id='line_1_50' title="bbox 524 4333 1661 4397; baseline -0.002 -16"><span class='ocrx_word' id='word_1_301' title='bbox 524 4334 710 4397; x_wconf 82' lang='lat' dir='ltr'>adoptio</span> <span class='ocrx_word' id='word_1_302' title='bbox 724 4334 976 4382; x_wconf 69' lang='lat' dir='ltr'>intercessit</span> <span class='ocrx_word' id='word_1_303' title='bbox 995 4335 1043 4382; x_wconf 90' lang='lat' dir='ltr'>in</span> <span class='ocrx_word' id='word_1_304' title='bbox 1063 4335 1202 4382; x_wconf 75' lang='lat' dir='ltr'>fratre</span> <span class='ocrx_word' id='word_1_305' title='bbox 1218 4333 1477 4381; x_wconf 74' lang='lat' dir='ltr'>Terentiae:</span> <span class='ocrx_word' id='word_1_306' title='bbox 1504 4345 1661 4380; x_wconf 88' lang='lat' dir='ltr'>utrum</span> 
     </span>
     <span class='ocr_line' id='line_1_51' title="bbox 525 4399 1664 4464; baseline 0 -17"><span class='ocrx_word' id='word_1_307' title='bbox 525 4400 621 4464; x_wconf 69' lang='lat' dir='ltr'>ipsa</span> <span class='ocrx_word' id='word_1_308' title='bbox 655 4400 763 4448; x_wconf 82' lang='lat' dir='ltr'>alias</span> <span class='ocrx_word' id='word_1_309' title='bbox 800 4415 982 4462; x_wconf 85' lang='lat' dir='ltr'>quoque</span> <span class='ocrx_word' id='word_1_310' title='bbox 1023 4401 1197 4447; x_wconf 77' lang='lat' dir='ltr'>Licinia</span> <span class='ocrx_word' id='word_1_311' title='bbox 1231 4400 1350 4448; x_wconf 85' lang='lat' dir='ltr'>dicta</span> <span class='ocrx_word' id='word_1_312' title='bbox 1391 4399 1465 4456; x_wconf 82' lang='lat' dir='ltr'>sit,</span> <span class='ocrx_word' id='word_1_313' title='bbox 1510 4414 1664 4454; x_wconf 87' lang='lat' dir='ltr'>nemo,</span> 
     </span>
     <span class='ocr_line' id='line_1_52' title="bbox 525 4464 1662 4530; baseline -0.004 -15"><span class='ocrx_word' id='word_1_314' title='bbox 525 4478 659 4530; x_wconf 85' lang='lat' dir='ltr'>puto,</span> <span class='ocrx_word' id='word_1_315' title='bbox 686 4468 834 4515; x_wconf 84' lang='lat' dir='ltr'>docet.</span> <span class='ocrx_word' id='word_1_316' title='bbox 865 4467 1028 4515; x_wconf 83' lang='lat' dir='ltr'>Acron</span> <span class='ocrx_word' id='word_1_317' title='bbox 1049 4466 1172 4513; x_wconf 89' lang='lat' dir='ltr'>enim</span> <span class='ocrx_word' id='word_1_318' title='bbox 1196 4464 1290 4524; x_wconf 83' lang='lat' dir='ltr'>ine,</span> <span class='ocrx_word' id='word_1_319' title='bbox 1312 4465 1390 4528; x_wconf 87' lang='lat' dir='ltr'>qui</span> <span class='ocrx_word' id='word_1_320' title='bbox 1415 4480 1532 4512; x_wconf 81' lang='lat' dir='ltr'>unus</span> <span class='ocrx_word' id='word_1_321' title='bbox 1551 4464 1662 4512; x_wconf 80' lang='lat' dir='ltr'>fun-</span> 
     </span>
    </p>
   </div>
   <div class='ocr_carea' id='block_1_7' title="bbox 1717 2106 2854 4447">
    <p class='ocr_par' dir='ltr' id='par_1_11' title="bbox 1717 2106 2853 3275">
     <span class='ocr_line' id='line_1_53' title="bbox 1720 2106 2852 2177; baseline -0.009 -14"><span class='ocrx_word' id='word_1_322' title='bbox 1720 2116 1802 2163; x_wconf 81' lang='lat' dir='ltr'>dus</span> <span class='ocrx_word' id='word_1_323' title='bbox 1824 2127 1909 2172; x_wconf 84' lang='lat' dir='ltr'>est,</span> <span class='ocrx_word' id='word_1_324' title='bbox 1939 2116 2061 2177; x_wconf 87' lang='lat' dir='ltr'>quod</span> <span class='ocrx_word' id='word_1_325' title='bbox 2084 2114 2237 2173; x_wconf 82' lang='lat' dir='ltr'>sciam,</span> <span class='ocrx_word' id='word_1_326' title='bbox 2270 2126 2449 2163; x_wconf 83' lang='lat' dir='ltr'>tantum</span> <span class='ocrx_word' id='word_1_327' title='bbox 2479 2110 2645 2173; x_wconf 79' lang='lat' dir='ltr'>repetit</span> <span class='ocrx_word' id='word_1_328' title='bbox 2670 2106 2852 2157; x_wconf 84' lang='lat' dir='ltr'>Horati-</span> 
     </span>
     <span class='ocr_line' id='line_1_54' title="bbox 1717 2174 2849 2238; baseline -0.009 -11"><span class='ocrx_word' id='word_1_329' title='bbox 1717 2197 1857 2229; x_wconf 85' lang='lat' dir='ltr'>anum</span> <span class='ocrx_word' id='word_1_330' title='bbox 1889 2196 2075 2238; x_wconf 90' lang='lat' dir='ltr'>nomen,</span> <span class='ocrx_word' id='word_1_331' title='bbox 2116 2192 2163 2227; x_wconf 89' lang='lat' dir='ltr'>et</span> <span class='ocrx_word' id='word_1_332' title='bbox 2194 2195 2443 2228; x_wconf 81' lang='lat' dir='ltr'>uxoremne</span> <span class='ocrx_word' id='word_1_333' title='bbox 2477 2174 2772 2231; x_wconf 78' lang='lat' dir='ltr'>Maecenatis‚</span> <span class='ocrx_word' id='word_1_334' title='bbox 2798 2187 2849 2218; x_wconf 82' lang='lat' dir='ltr'>an</span> 
     </span>
     <span class='ocr_line' id='line_1_55' title="bbox 1718 2239 2848 2313; baseline -0.01 -20"><span class='ocrx_word' id='word_1_335' title='bbox 1718 2246 1909 2293; x_wconf 86' lang='lat' dir='ltr'>amicam</span> <span class='ocrx_word' id='word_1_336' title='bbox 1947 2263 2094 2304; x_wconf 84' lang='lat' dir='ltr'>suam,</span> <span class='ocrx_word' id='word_1_337' title='bbox 2140 2246 2203 2294; x_wconf 81' lang='lat' dir='ltr'>sic</span> <span class='ocrx_word' id='word_1_338' title='bbox 2236 2245 2428 2309; x_wconf 83' lang='lat' dir='ltr'>appellet</span> <span class='ocrx_word' id='word_1_339' title='bbox 2463 2245 2619 2305; x_wconf 62' lang='lat' dir='ltr'>poeta,</span> <span class='ocrx_word' id='word_1_340' title='bbox 2667 2239 2848 2313; x_wconf 77' lang='lat' dir='ltr'>dubitat.</span> 
     </span>
     <span class='ocr_line' id='line_1_56' title="bbox 1724 2307 2851 2365; baseline -0.007 -7"><span class='ocrx_word' id='word_1_341' title='bbox 1724 2313 1957 2363; x_wconf 76' lang='lat' dir='ltr'>Liciniam.</span> <span class='ocrx_word' id='word_1_342' title='bbox 1991 2314 2252 2358; x_wconf 85' lang='lat' dir='ltr'>Romanum</span> <span class='ocrx_word' id='word_1_343' title='bbox 2289 2326 2473 2365; x_wconf 85' lang='lat' dir='ltr'>nomen,</span> <span class='ocrx_word' id='word_1_344' title='bbox 2502 2307 2575 2354; x_wconf 83' lang='lat' dir='ltr'>vix</span> <span class='ocrx_word' id='word_1_345' title='bbox 2612 2308 2851 2354; x_wconf 70' lang='lat' dir='ltr'>admittunt</span> 
     </span>
     <span class='ocr_line' id='line_1_57' title="bbox 1724 2369 2850 2443; baseline -0.007 -19"><span class='ocrx_word' id='word_1_346' title='bbox 1724 2378 1902 2425; x_wconf 85' lang='lat' dir='ltr'>numeri</span> <span class='ocrx_word' id='word_1_347' title='bbox 1927 2376 2189 2434; x_wconf 84' lang='lat' dir='ltr'>Horatiani,</span> <span class='ocrx_word' id='word_1_348' title='bbox 2208 2375 2288 2438; x_wconf 89' lang='lat' dir='ltr'>qui</span> <span class='ocrx_word' id='word_1_349' title='bbox 2310 2377 2392 2432; x_wconf 85' lang='lat' dir='ltr'>ait,</span> <span class='ocrx_word' id='word_1_350' title='bbox 2410 2376 2583 2422; x_wconf 71' lang='lat' dir='ltr'>Rectius</span> <span class='ocrx_word' id='word_1_351' title='bbox 2605 2374 2757 2427; x_wconf 72' lang='lat' dir='ltr'>vives,</span> <span class='ocrx_word' id='word_1_352' title='bbox 2776 2369 2850 2443; x_wconf 64' lang='lat'>131-</span> 
     </span>
     <span class='ocr_line' id='line_1_58' title="bbox 1724 2435 2853 2508; baseline -0.01 -17"><span class='ocrx_word' id='word_1_353' title='bbox 1724 2446 1828 2501; x_wconf 77' lang='lat' dir='ltr'>cini,</span> <span class='ocrx_word' id='word_1_354' title='bbox 1856 2461 1983 2508; x_wconf 77' lang='lat' dir='ltr'>neque</span> <span class='ocrx_word' id='word_1_355' title='bbox 2004 2444 2139 2488; x_wconf 74' lang='lat' dir='ltr'>altum</span> <span class='ocrx_word' id='word_1_356' title='bbox 2172 2455 2260 2489; x_wconf 84' lang='lat' dir='ltr'>etc.</span> <span class='ocrx_word' id='word_1_357' title='bbox 2317 2442 2636 2504; x_wconf 79' lang='lat' dir='ltr'>(Quamquam</span> <span class='ocrx_word' id='word_1_358' title='bbox 2662 2451 2751 2483; x_wconf 89' lang='lat' dir='ltr'>non</span> <span class='ocrx_word' id='word_1_359' title='bbox 2772 2435 2853 2480; x_wconf 74' lang='lat' dir='ltr'>dis-</span> 
     </span>
     <span class='ocr_line' id='line_1_59' title="bbox 1725 2500 2853 2567; baseline -0.009 -11"><span class='ocrx_word' id='word_1_360' title='bbox 1725 2509 2030 2557; x_wconf 79' lang='lat' dir='ltr'>simulandum</span> <span class='ocrx_word' id='word_1_361' title='bbox 2056 2507 2256 2560; x_wconf 71' lang='grc' dir='ltr'><strong><em>Λικίινιος</em></strong></span> <span class='ocrx_word' id='word_1_362' title='bbox 2277 2508 2348 2553; x_wconf 90' lang='lat' dir='ltr'>edi</span> <span class='ocrx_word' id='word_1_363' title='bbox 2373 2507 2488 2567; x_wconf 84' lang='lat' dir='ltr'>apud</span> <span class='ocrx_word' id='word_1_364' title='bbox 2510 2501 2740 2561; x_wconf 87' lang='lat' dir='ltr'>Dionem)</span> <span class='ocrx_word' id='word_1_365' title='bbox 2765 2500 2853 2563; x_wconf 69' lang='lat' dir='ltr'>Ly·</span> 
     </span>
     <span class='ocr_line' id='line_1_60' title="bbox 1723 2566 2852 2632; baseline -0.01 -10"><span class='ocrx_word' id='word_1_366' title='bbox 1723 2577 1881 2622; x_wconf 69' lang='lat' dir='ltr'>tinnio</span> <span class='ocrx_word' id='word_1_367' title='bbox 1920 2573 2055 2621; x_wconf 87' lang='lat' dir='ltr'>habet</span> <span class='ocrx_word' id='word_1_368' title='bbox 2091 2589 2299 2620; x_wconf 84' lang='lat' dir='ltr'>numeros</span> <span class='ocrx_word' id='word_1_369' title='bbox 2332 2574 2533 2626; x_wconf 80' lang='lat' dir='ltr'>eosdem,</span> <span class='ocrx_word' id='word_1_370' title='bbox 2563 2586 2685 2632; x_wconf 74' lang='lat' dir='ltr'>quos</span> <span class='ocrx_word' id='word_1_371' title='bbox 2716 2566 2852 2613; x_wconf 74' lang='lat' dir='ltr'>Teren·</span> 
     </span>
     <span class='ocr_line' id='line_1_61' title="bbox 1727 2631 2847 2703; baseline -0.011 -16"><span class='ocrx_word' id='word_1_372' title='bbox 1727 2643 1811 2696; x_wconf 76' lang='lat' dir='ltr'>tie,</span> <span class='ocrx_word' id='word_1_373' title='bbox 1840 2655 1968 2686; x_wconf 86' lang='lat' dir='ltr'>more</span> <span class='ocrx_word' id='word_1_374' title='bbox 1989 2641 2245 2701; x_wconf 81' lang='lat' dir='ltr'>po&#39;e&#39;tarum,</span> <span class='ocrx_word' id='word_1_375' title='bbox 2275 2638 2350 2699; x_wconf 87' lang='lat' dir='ltr'>qui</span> <span class='ocrx_word' id='word_1_376' title='bbox 2375 2637 2550 2696; x_wconf 83' lang='lat' dir='ltr'>fingunt</span> <span class='ocrx_word' id='word_1_377' title='bbox 2574 2651 2629 2681; x_wconf 81' lang='lat' dir='ltr'>ea</span> <span class='ocrx_word' id='word_1_378' title='bbox 2648 2631 2847 2703; x_wconf 61' lang='lat' dir='ltr'>nomina:</span> 
     </span>
     <span class='ocr_line' id='line_1_62' title="bbox 1720 2696 2850 2768; baseline -0.012 -15"><span class='ocrx_word' id='word_1_379' title='bbox 1720 2705 1884 2768; x_wconf 82' lang='lat' dir='ltr'>quibus</span> <span class='ocrx_word' id='word_1_380' title='bbox 1921 2720 2024 2751; x_wconf 85' lang='lat' dir='ltr'>vera</span> <span class='ocrx_word' id='word_1_381' title='bbox 2053 2703 2185 2751; x_wconf 80' lang='lat' dir='ltr'>facile</span> <span class='ocrx_word' id='word_1_382' title='bbox 2212 2705 2258 2749; x_wconf 88' lang='lat' dir='ltr'>in</span> <span class='ocrx_word' id='word_1_383' title='bbox 2281 2718 2410 2749; x_wconf 82' lang='lat' dir='ltr'>versu</span> <span class='ocrx_word' id='word_1_384' title='bbox 2432 2712 2604 2763; x_wconf 79' lang='lat' dir='ltr'>queant</span> <span class='ocrx_word' id='word_1_385' title='bbox 2633 2696 2850 2748; x_wconf 74' lang='lat' dir='ltr'>substitui,</span> 
     </span>
     <span class='ocr_line' id='line_1_63' title="bbox 1720 2765 2850 2828; baseline -0.007 -11"><span class='ocrx_word' id='word_1_386' title='bbox 1720 2783 1773 2817; x_wconf 84' lang='lat' dir='ltr'>ut</span> <span class='ocrx_word' id='word_1_387' title='bbox 1810 2770 1972 2817; x_wconf 72' lang='lat' dir='ltr'>Lesbia</span> <span class='ocrx_word' id='word_1_388' title='bbox 1999 2769 2171 2828; x_wconf 78' lang='lat' dir='ltr'>Clodia,</span> <span class='ocrx_word' id='word_1_389' title='bbox 2201 2768 2379 2816; x_wconf 68' lang='lat' dir='ltr'>Perille</span> <span class='ocrx_word' id='word_1_390' title='bbox 2404 2765 2593 2812; x_wconf 78' lang='lat' dir='ltr'>Metella</span> <span class='ocrx_word' id='word_1_391' title='bbox 2629 2777 2717 2812; x_wconf 88' lang='lat' dir='ltr'>cet.</span> <span class='ocrx_word' id='word_1_392' title='bbox 2747 2776 2850 2824; x_wconf 87' lang='lat' dir='ltr'>quo-</span> 
     </span>
     <span class='ocr_line' id='line_1_64' title="bbox 1722 2829 2850 2892; baseline -0.009 -9"><span class='ocrx_word' id='word_1_393' title='bbox 1722 2851 1828 2883; x_wconf 81' lang='lat' dir='ltr'>rum</span> <span class='ocrx_word' id='word_1_394' title='bbox 1864 2835 2154 2883; x_wconf 75' lang='lat' dir='ltr'>auctoritates</span> <span class='ocrx_word' id='word_1_395' title='bbox 2190 2835 2245 2880; x_wconf 81' lang='lat' dir='ltr'>ad</span> <span class='ocrx_word' id='word_1_396' title='bbox 2279 2832 2325 2879; x_wconf 87' lang='lat' dir='ltr'>h.</span> <span class='ocrx_word' id='word_1_397' title='bbox 2347 2832 2378 2878; x_wconf 91' lang='lat' dir='ltr'>l.</span> <span class='ocrx_word' id='word_1_398' title='bbox 2399 2831 2518 2892; x_wconf 81' lang='lat' dir='ltr'>larga</span> <span class='ocrx_word' id='word_1_399' title='bbox 2554 2846 2700 2878; x_wconf 86' lang='lat' dir='ltr'>manu</span> <span class='ocrx_word' id='word_1_400' title='bbox 2722 2829 2850 2874; x_wconf 82' lang='lat' dir='ltr'>Bent-</span> 
     </span>
     <span class='ocr_line' id='line_1_65' title="bbox 1718 2891 2850 2964; baseline -0.008 -17"><span class='ocrx_word' id='word_1_401' title='bbox 1718 2900 1833 2948; x_wconf 78' lang='lat' dir='ltr'>lcius</span> <span class='ocrx_word' id='word_1_402' title='bbox 1853 2899 2019 2964; x_wconf 70' lang='lat' dir='ltr'>posuit.</span> <span class='ocrx_word' id='word_1_403' title='bbox 2051 2901 2177 2946; x_wconf 86' lang='lat' dir='ltr'>Add.</span> <span class='ocrx_word' id='word_1_404' title='bbox 2202 2899 2451 2946; x_wconf 74' lang='lat' dir='ltr'>Gratidiam</span> <span class='ocrx_word' id='word_1_405' title='bbox 2475 2897 2565 2943; x_wconf 86' lang='lat' dir='ltr'>Od.</span> <span class='ocrx_word' id='word_1_406' title='bbox 2595 2909 2640 2944; x_wconf 85' lang='lat'>1.</span> <span class='ocrx_word' id='word_1_407' title='bbox 2667 2891 2742 2942; x_wconf 85' lang='lat'>16.</span> <span class='ocrx_word' id='word_1_408' title='bbox 2766 2893 2850 2954; x_wconf 67' lang='lat' dir='ltr'>Ly-</span> 
     </span>
     <span class='ocr_line' id='line_1_66' title="bbox 1723 2957 2848 3026; baseline -0.012 -12"><span class='ocrx_word' id='word_1_409' title='bbox 1723 2967 1883 3014; x_wconf 74' lang='lat' dir='ltr'>ce‘mm&#39;a</span> <span class='ocrx_word' id='word_1_410' title='bbox 1917 2965 2053 3025; x_wconf 70' lang='lat' dir='ltr'>magis</span> <span class='ocrx_word' id='word_1_411' title='bbox 2088 2965 2253 3026; x_wconf 85' lang='lat' dir='ltr'>placet,</span> <span class='ocrx_word' id='word_1_412' title='bbox 2283 2963 2406 3026; x_wconf 87' lang='lat' dir='ltr'>quod</span> <span class='ocrx_word' id='word_1_413' title='bbox 2426 2962 2606 3009; x_wconf 82' lang='lat' dir='ltr'>videtur</span> <span class='ocrx_word' id='word_1_414' title='bbox 2629 2957 2848 3020; x_wconf 80' lang='lat' dir='ltr'>cognatio-</span> 
     </span>
     <span class='ocr_line' id='line_1_67' title="bbox 1724 3022 2851 3093; baseline -0.008 -16"><span class='ocrx_word' id='word_1_415' title='bbox 1724 3046 1832 3079; x_wconf 84' lang='lat' dir='ltr'>nem</span> <span class='ocrx_word' id='word_1_416' title='bbox 1865 3030 2028 3078; x_wconf 84' lang='lat' dir='ltr'>habere</span> <span class='ocrx_word' id='word_1_417' title='bbox 2050 3045 2155 3076; x_wconf 88' lang='lat' dir='ltr'>cum</span> <span class='ocrx_word' id='word_1_418' title='bbox 2178 3031 2322 3093; x_wconf 71' lang='lat' dir='ltr'>Lyco.-</span> <span class='ocrx_word' id='word_1_419' title='bbox 2359 3040 2405 3075; x_wconf 89' lang='lat' dir='ltr'>et</span> <span class='ocrx_word' id='word_1_420' title='bbox 2428 3026 2493 3074; x_wconf 75' lang='lat' dir='ltr'>sic</span> <span class='ocrx_word' id='word_1_421' title='bbox 2516 3039 2634 3088; x_wconf 87' lang='lat' dir='ltr'>puto</span> <span class='ocrx_word' id='word_1_422' title='bbox 2667 3025 2752 3085; x_wconf 78' lang='lat' dir='ltr'>legi</span> <span class='ocrx_word' id='word_1_423' title='bbox 2782 3022 2851 3068; x_wconf 83' lang='lat' dir='ltr'>de·</span> 
     </span>
     <span class='ocr_line' id='line_1_68' title="bbox 1724 3090 2849 3155; baseline -0.01 -11"><span class='ocrx_word' id='word_1_424' title='bbox 1724 3097 1830 3144; x_wconf 84' lang='lat' dir='ltr'>bere</span> <span class='ocrx_word' id='word_1_425' title='bbox 1868 3096 2007 3144; x_wconf 85' lang='lat' dir='ltr'>etiam</span> <span class='ocrx_word' id='word_1_426' title='bbox 2046 3095 2177 3155; x_wconf 78' lang='lat' dir='ltr'>Virg.</span> <span class='ocrx_word' id='word_1_427' title='bbox 2214 3096 2330 3141; x_wconf 84' lang='lat' dir='ltr'>AEn.</span> <span class='ocrx_word' id='word_1_428' title='bbox 2364 3105 2410 3154; x_wconf 88' lang='lat'>9.</span> <span class='ocrx_word' id='word_1_429' title='bbox 2446 3090 2562 3152; x_wconf 83' lang='lat'><strong>546.</strong></span> <span class='ocrx_word' id='word_1_430' title='bbox 2603 3091 2685 3138; x_wconf 87' lang='lat' dir='ltr'>ubi</span> <span class='ocrx_word' id='word_1_431' title='bbox 2716 3091 2849 3152; x_wconf 68' lang='lat' dir='ltr'>Lym</span> 
     </span>
     <span class='ocr_line' id='line_1_69' title="bbox 1723 3152 2851 3223; baseline -0.005 -15"><span class='ocrx_word' id='word_1_432' title='bbox 1723 3162 1841 3209; x_wconf 83' lang='lat' dir='ltr'>filius</span> <span class='ocrx_word' id='word_1_433' title='bbox 1862 3162 2109 3221; x_wconf 70' lang='lat' dir='ltr'>assignatur</span> <span class='ocrx_word' id='word_1_434' title='bbox 2132 3161 2382 3223; x_wconf 74' lang='lat' dir='ltr'>Lycimniae.</span> <span class='ocrx_word' id='word_1_435' title='bbox 2420 3157 2551 3204; x_wconf 86' lang='lat' dir='ltr'>Libri</span> <span class='ocrx_word' id='word_1_436' title='bbox 2574 3169 2769 3219; x_wconf 80' lang='lat' dir='ltr'>utroque</span> <span class='ocrx_word' id='word_1_437' title='bbox 2789 3152 2851 3199; x_wconf 83' lang='lat' dir='ltr'>lo-</span> 
     </span>
     <span class='ocr_line' id='line_1_70' title="bbox 1724 3227 2114 3275; baseline -0.01 0"><span class='ocrx_word' id='word_1_438' title='bbox 1724 3243 1780 3275; x_wconf 89' lang='lat' dir='ltr'>co</span> <span class='ocrx_word' id='word_1_439' title='bbox 1799 3227 1988 3274; x_wconf 79' lang='lat' dir='ltr'>variant.</span> <span class='ocrx_word' id='word_1_440' title='bbox 2054 3228 2114 3272; x_wconf 90' lang='lat' dir='ltr'>G.</span> 
     </span>
    </p>

    <p class='ocr_par' dir='ltr' id='par_1_12' title="bbox 1793 3289 2437 3350">
     <span class='ocr_line' id='line_1_71' title="bbox 1793 3289 2437 3350; baseline -0.009 -10"><span class='ocrx_word' id='word_1_441' title='bbox 1793 3306 1856 3350; x_wconf 82' lang='lat'>14</span> <span class='ocrx_word' id='word_1_442' title='bbox 1889 3292 2115 3347; x_wconf 76' lang='lat' dir='ltr'>Lucidum,</span> <span class='ocrx_word' id='word_1_443' title='bbox 2145 3289 2307 3337; x_wconf 80' lang='lat' dir='ltr'>lucide.</span> <span class='ocrx_word' id='word_1_444' title='bbox 2375 3289 2437 3335; x_wconf 87' lang='lat' dir='ltr'>Z.</span> 
     </span>
    </p>

    <p class='ocr_par' dir='ltr' id='par_1_13' title="bbox 1793 3351 2824 3417">
     <span class='ocr_line' id='line_1_72' title="bbox 1793 3351 2824 3417; baseline -0.01 -14"><span class='ocrx_word' id='word_1_445' title='bbox 1793 3369 1851 3417; x_wconf 88' lang='lat'>17</span> <span class='ocrx_word' id='word_1_446' title='bbox 1887 3357 2100 3403; x_wconf 86' lang='lat' dir='ltr'>Saltando</span> <span class='ocrx_word' id='word_1_447' title='bbox 2122 3369 2335 3402; x_wconf 79' lang='lat' dir='ltr'>movetur</span> <span class='ocrx_word' id='word_1_448' title='bbox 2356 3368 2536 3414; x_wconf 78' lang='lat' dir='ltr'>corpus,</span> <span class='ocrx_word' id='word_1_449' title='bbox 2567 3368 2652 3413; x_wconf 86' lang='lat' dir='ltr'>pes</span> <span class='ocrx_word' id='word_1_450' title='bbox 2673 3351 2824 3396; x_wconf 83' lang='lat' dir='ltr'>fertur.</span> 
     </span>
    </p>

    <p class='ocr_par' dir='ltr' id='par_1_14' title="bbox 1725 3414 2854 3614">
     <span class='ocr_line' id='line_1_73' title="bbox 1794 3414 2854 3485; baseline -0.012 -15"><span class='ocrx_word' id='word_1_451' title='bbox 1794 3421 1853 3470; x_wconf 85' lang='lat'>18</span> <span class='ocrx_word' id='word_1_452' title='bbox 1886 3423 2013 3468; x_wconf 79' lang='lat' dir='ltr'>Jocus</span> <span class='ocrx_word' id='word_1_453' title='bbox 2045 3434 2107 3467; x_wconf 84' lang='lat' dir='ltr'>est</span> <span class='ocrx_word' id='word_1_454' title='bbox 2139 3421 2192 3467; x_wconf 75' lang='lat' dir='ltr'>id</span> <span class='ocrx_word' id='word_1_455' title='bbox 2220 3422 2330 3485; x_wconf 77' lang='lat' dir='ltr'>quod</span> <span class='ocrx_word' id='word_1_456' title='bbox 2352 3420 2617 3465; x_wconf 73' lang='lat' dir='ltr'>contrarium</span> <span class='ocrx_word' id='word_1_457' title='bbox 2652 3426 2713 3462; x_wconf 75' lang='lat' dir='ltr'>est</span> <span class='ocrx_word' id='word_1_458' title='bbox 2741 3414 2854 3459; x_wconf 74' lang='lat' dir='ltr'>serio.</span> 
     </span>
     <span class='ocr_line' id='line_1_74' title="bbox 1725 3481 2850 3548; baseline -0.009 -14"><span class='ocrx_word' id='word_1_459' title='bbox 1725 3486 1925 3548; x_wconf 83' lang='lat' dir='ltr'>Quintil.</span> <span class='ocrx_word' id='word_1_460' title='bbox 1948 3487 2114 3532; x_wconf 85' lang='lat' dir='ltr'>citante</span> <span class='ocrx_word' id='word_1_461' title='bbox 2138 3484 2434 3533; x_wconf 84' lang='lat' dir='ltr'>Mancinello.</span> <span class='ocrx_word' id='word_1_462' title='bbox 2466 3483 2517 3530; x_wconf 88' lang='grc' dir='ltr'>Β.</span> <span class='ocrx_word' id='word_1_463' title='bbox 2572 3481 2850 3543; x_wconf 71' lang='lat' dir='ltr'>Cenarejooe</span> 
     </span>
     <span class='ocr_line' id='line_1_75' title="bbox 1726 3541 2854 3612; baseline -0.007 -14"><span class='ocrx_word' id='word_1_464' title='bbox 1726 3553 1903 3598; x_wconf 79' lang='lat' dir='ltr'>videtur</span> <span class='ocrx_word' id='word_1_465' title='bbox 1922 3551 2143 3612; x_wconf 79' lang='lat' dir='ltr'>pertinere</span> <span class='ocrx_word' id='word_1_466' title='bbox 2159 3552 2212 3598; x_wconf 89' lang='lat' dir='ltr'>ad</span> <span class='ocrx_word' id='word_1_467' title='bbox 2227 3550 2511 3598; x_wconf 78' lang='lat' dir='ltr'>saltationem</span> <span class='ocrx_word' id='word_1_468' title='bbox 2532 3547 2778 3595; x_wconf 84' lang='lat' dir='ltr'>mimicam.</span> <span class='ocrx_word' id='word_1_469' title='bbox 2797 3541 2854 3588; x_wconf 87' lang='lat' dir='ltr'>Z·</span> 
     </span>
    </p>

    <p class='ocr_par' dir='ltr' id='par_1_15' title="bbox 1727 3609 2852 3876">
     <span class='ocr_line' id='line_1_76' title="bbox 1794 3609 2851 3678; baseline -0.006 -15"><span class='ocrx_word' id='word_1_470' title='bbox 1794 3629 1854 3678; x_wconf 90' lang='lat'>19</span> <span class='ocrx_word' id='word_1_471' title='bbox 1891 3616 2057 3663; x_wconf 76' lang='lat' dir='ltr'>Meid.·s</span> <span class='ocrx_word' id='word_1_472' title='bbox 2074 3617 2168 3677; x_wconf 79' lang='lat' dir='ltr'>jam</span> <span class='ocrx_word' id='word_1_473' title='bbox 2193 3632 2275 3678; x_wconf 79' lang='lat' dir='ltr'>pro</span> <span class='ocrx_word' id='word_1_474' title='bbox 2297 3615 2412 3662; x_wconf 78' lang='lat' dir='ltr'>laetis</span> <span class='ocrx_word' id='word_1_475' title='bbox 2434 3625 2480 3660; x_wconf 87' lang='lat' dir='ltr'>et</span> <span class='ocrx_word' id='word_1_476' title='bbox 2508 3613 2743 3660; x_wconf 81' lang='lat' dir='ltr'>hilaribus.</span> <span class='ocrx_word' id='word_1_477' title='bbox 2784 3609 2851 3652; x_wconf 71' lang='lat' dir='ltr'>Sic</span> 
     </span>
     <span class='ocr_line' id='line_1_77' title="bbox 1727 3673 2852 3746; baseline -0.008 -19"><span class='ocrx_word' id='word_1_478' title='bbox 1727 3693 1773 3729; x_wconf 87' lang='lat' dir='ltr'>ct</span> <span class='ocrx_word' id='word_1_479' title='bbox 1793 3681 2004 3746; x_wconf 81' lang='lat' dir='ltr'>juvenal.</span> <span class='ocrx_word' id='word_1_480' title='bbox 2043 3681 2227 3728; x_wconf 85' lang='lat' dir='ltr'>Hilares</span> <span class='ocrx_word' id='word_1_481' title='bbox 2245 3680 2462 3742; x_wconf 87' lang='lat' dir='ltr'>nitidique</span> <span class='ocrx_word' id='word_1_482' title='bbox 2485 3691 2722 3726; x_wconf 81' lang='lat' dir='ltr'>vocantur.</span> <span class='ocrx_word' id='word_1_483' title='bbox 2756 3673 2852 3719; x_wconf 81' lang='lat' dir='ltr'>Na·</span> 
     </span>
     <span class='ocr_line' id='line_1_78' title="bbox 1727 3741 2849 3810; baseline -0.008 -17"><span class='ocrx_word' id='word_1_484' title='bbox 1727 3748 1831 3794; x_wconf 76' lang='lat' dir='ltr'>ulis</span> <span class='ocrx_word' id='word_1_485' title='bbox 1870 3748 2032 3795; x_wconf 77' lang='lat' dir='ltr'>Dianae</span> <span class='ocrx_word' id='word_1_486' title='bbox 2074 3765 2102 3792; x_wconf 82' lang='lat' dir='ltr'><em>a</em></span> <span class='ocrx_word' id='word_1_487' title='bbox 2148 3745 2394 3810; x_wconf 67' lang='lat' dir='ltr'>virginibus</span> <span class='ocrx_word' id='word_1_488' title='bbox 2440 3745 2700 3799; x_wconf 77' lang='lat' dir='ltr'>celebratur,</span> <span class='ocrx_word' id='word_1_489' title='bbox 2749 3741 2849 3785; x_wconf 77' lang='lat' dir='ltr'>sicut</span> 
     </span>
     <span class='ocr_line' id='line_1_79' title="bbox 1727 3807 2701 3876; baseline -0.005 -17"><span class='ocrx_word' id='word_1_490' title='bbox 1727 3814 1947 3876; x_wconf 60' lang='lat' dir='ltr'>Apolline}</span> <span class='ocrx_word' id='word_1_491' title='bbox 1970 3832 1997 3858; x_wconf 78' lang='lat' dir='ltr'><em>a</em></span> <span class='ocrx_word' id='word_1_492' title='bbox 2017 3815 2179 3875; x_wconf 78' lang='lat' dir='ltr'>pueris,</span> <span class='ocrx_word' id='word_1_493' title='bbox 2211 3812 2372 3870; x_wconf 80' lang='lat' dir='ltr'>inquit.</span> <span class='ocrx_word' id='word_1_494' title='bbox 2410 3811 2522 3855; x_wconf 83' lang='lat' dir='ltr'>Vct.</span> <span class='ocrx_word' id='word_1_495' title='bbox 2544 3807 2701 3855; x_wconf 77' lang='lat' dir='ltr'>Schol-</span> 
     </span>
    </p>

    <p class='ocr_par' dir='ltr' id='par_1_16' title="bbox 1724 3873 2851 4008">
     <span class='ocr_line' id='line_1_80' title="bbox 1790 3873 2849 3938; baseline -0.01 -13"><span class='ocrx_word' id='word_1_496' title='bbox 1790 3890 1849 3926; x_wconf 89' lang='lat'>21</span> <span class='ocrx_word' id='word_1_497' title='bbox 1884 3878 1963 3925; x_wconf 91' lang='lat' dir='ltr'>Tu</span> <span class='ocrx_word' id='word_1_498' title='bbox 1983 3877 2020 3923; x_wconf 71' lang='lat' dir='ltr'>i»</span> <span class='ocrx_word' id='word_1_499' title='bbox 2038 3877 2119 3926; x_wconf 60' lang='lat' dir='ltr'>aa..</span> <span class='ocrx_word' id='word_1_500' title='bbox 2135 3876 2453 3938; x_wconf 77' lang='lat' dir='ltr'>proferendum</span> <span class='ocrx_word' id='word_1_501' title='bbox 2470 3892 2482 3920; x_wconf 75' lang='lat' dir='ltr'>z</span> <span class='ocrx_word' id='word_1_502' title='bbox 2504 3889 2553 3920; x_wconf 87' lang='lat' dir='ltr'>ac</span> <span class='ocrx_word' id='word_1_503' title='bbox 2569 3873 2606 3921; x_wconf 80' lang='lat' dir='ltr'>si</span> <span class='ocrx_word' id='word_1_504' title='bbox 2623 3873 2737 3920; x_wconf 87' lang='lat' dir='ltr'>bene</span> <span class='ocrx_word' id='word_1_505' title='bbox 2752 3881 2849 3916; x_wconf 77' lang='lat' dir='ltr'>nos·</span> 
     </span>
     <span class='ocr_line' id='line_1_81' title="bbox 1724 3943 2851 4008; baseline -0.002 -18"><span class='ocrx_word' id='word_1_506' title='bbox 1724 3954 1791 3990; x_wconf 78' lang='lat' dir='ltr'>set</span> <span class='ocrx_word' id='word_1_507' title='bbox 1813 3943 1907 4004; x_wconf 86' lang='lat' dir='ltr'>ejus</span> <span class='ocrx_word' id='word_1_508' title='bbox 1929 3959 2147 3990; x_wconf 79' lang='lat' dir='ltr'>annuum.</span> <span class='ocrx_word' id='word_1_509' title='bbox 2841 3995 2851 4008; x_wconf 50' lang='grc'><em>,</em></span> 
     </span>
    </p>

    <p class='ocr_par' dir='ltr' id='par_1_17' title="bbox 1722 4000 2850 4120">
     <span class='ocr_line' id='line_1_82' title="bbox 1791 4000 2850 4068; baseline -0.007 -16"><span class='ocrx_word' id='word_1_510' title='bbox 1791 4007 1965 4054; x_wconf 70' lang='lat' dir='ltr'>Primus</span> <span class='ocrx_word' id='word_1_511' title='bbox 2004 4009 2073 4053; x_wconf 77' lang='lat' dir='ltr'>hic</span> <span class='ocrx_word' id='word_1_512' title='bbox 2109 4007 2343 4053; x_wconf 73' lang='lat' dir='ltr'>Persarum</span> <span class='ocrx_word' id='word_1_513' title='bbox 2377 4022 2479 4060; x_wconf 82' lang='lat' dir='ltr'>rex,</span> <span class='ocrx_word' id='word_1_514' title='bbox 2516 4022 2546 4050; x_wconf 81' lang='lat' dir='ltr'><em>a</em></span> <span class='ocrx_word' id='word_1_515' title='bbox 2586 4020 2667 4068; x_wconf 72' lang='lat' dir='ltr'>quo</span> <span class='ocrx_word' id='word_1_516' title='bbox 2704 4000 2850 4063; x_wconf 69' lang='lat' dir='ltr'>reliqu</span> 
     </span>
     <span class='ocr_line' id='line_1_83' title="bbox 1722 4069 2518 4120; baseline -0.006 0"><span class='ocrx_word' id='word_1_517' title='bbox 1722 4091 1857 4120; x_wconf 70' lang='lat' dir='ltr'>omnes</span> <span class='ocrx_word' id='word_1_518' title='bbox 1881 4077 1942 4118; x_wconf 84' lang='lat' dir='ltr'>ad</span> <span class='ocrx_word' id='word_1_519' title='bbox 1959 4074 2165 4120; x_wconf 69' lang='lat' dir='ltr'>Durium.</span> <span class='ocrx_word' id='word_1_520' title='bbox 2197 4069 2518 4118; x_wconf 83' lang='lat' dir='ltr'>Mancineuus.</span> 
     </span>
    </p>

    <p class='ocr_par' dir='ltr' id='par_1_18' title="bbox 1726 4127 2852 4266">
     <span class='ocr_line' id='line_1_84' title="bbox 1790 4127 2852 4202; baseline -0.012 -16"><span class='ocrx_word' id='word_1_521' title='bbox 1790 4150 1852 4187; x_wconf 81' lang='lat'>22</span> <span class='ocrx_word' id='word_1_522' title='bbox 1885 4140 1931 4184; x_wconf 88' lang='lat' dir='ltr'>A</span> <span class='ocrx_word' id='word_1_523' title='bbox 1956 4137 2258 4202; x_wconf 79' lang='lat' dir='ltr'>Mygdonibus</span> <span class='ocrx_word' id='word_1_524' title='bbox 2296 4136 2405 4183; x_wconf 86' lang='lat' dir='ltr'>olim</span> <span class='ocrx_word' id='word_1_525' title='bbox 2441 4133 2653 4181; x_wconf 70' lang='lat' dir='ltr'>Thraciae</span> <span class='ocrx_word' id='word_1_526' title='bbox 2685 4127 2852 4182; x_wconf 73' lang='lat' dir='ltr'>incolis,</span> 
     </span>
     <span class='ocr_line' id='line_1_85' title="bbox 1726 4203 2187 4266; baseline -0.004 -16"><span class='ocrx_word' id='word_1_527' title='bbox 1726 4203 1803 4266; x_wconf 87' lang='lat' dir='ltr'>qui</span> <span class='ocrx_word' id='word_1_528' title='bbox 1827 4215 1874 4250; x_wconf 86' lang='lat' dir='ltr'>et</span> <span class='ocrx_word' id='word_1_529' title='bbox 1896 4204 2187 4250; x_wconf 74' lang='lat' dir='ltr'>Macedones.</span> 
     </span>
    </p>

    <p class='ocr_par' dir='ltr' id='par_1_19' title="bbox 1785 4264 2546 4329">
     <span class='ocr_line' id='line_1_86' title="bbox 1785 4264 2546 4329; baseline -0.011 -12"><span class='ocrx_word' id='word_1_530' title='bbox 1785 4280 1844 4327; x_wconf 79' lang='lat'>23</span> <span class='ocrx_word' id='word_1_531' title='bbox 1885 4270 2013 4315; x_wconf 76' lang='lat' dir='ltr'>Crine</span> <span class='ocrx_word' id='word_1_532' title='bbox 2035 4268 2145 4314; x_wconf 88' lang='lat' dir='ltr'>dixit</span> <span class='ocrx_word' id='word_1_533' title='bbox 2168 4283 2248 4329; x_wconf 88' lang='lat' dir='ltr'>pro</span> <span class='ocrx_word' id='word_1_534' title='bbox 2272 4264 2546 4314; x_wconf 87' lang='lat' dir='ltr'>cincinnulo.</span> 
     </span>
    </p>

    <p class='ocr_par' dir='ltr' id='par_1_20' title="bbox 1728 4323 2851 4447">
     <span class='ocr_line' id='line_1_87' title="bbox 1792 4323 2851 4398; baseline -0.008 -16"><span class='ocrx_word' id='word_1_535' title='bbox 1792 4346 1856 4389; x_wconf 80' lang='lat'>24</span> <span class='ocrx_word' id='word_1_536' title='bbox 1889 4335 2050 4381; x_wconf 80' lang='lat' dir='ltr'>Plenas</span> <span class='ocrx_word' id='word_1_537' title='bbox 2075 4342 2164 4398; x_wconf 75' lang='lat' dir='ltr'>pro</span> <span class='ocrx_word' id='word_1_538' title='bbox 2194 4333 2403 4396; x_wconf 69' lang='lat' dir='ltr'>opulentis</span> <span class='ocrx_word' id='word_1_539' title='bbox 2433 4333 2589 4378; x_wconf 70' lang='lat' dir='ltr'>dicm-</span> <span class='ocrx_word' id='word_1_540' title='bbox 2620 4340 2703 4376; x_wconf 66' lang='grc' dir='ltr'>εει.</span> <span class='ocrx_word' id='word_1_541' title='bbox 2750 4323 2851 4374; x_wconf 72' lang='lat' dir='ltr'><strong>Vct·</strong></span> 
     </span>
     <span class='ocr_line' id='line_1_88' title="bbox 1728 4398 1879 4447; baseline 0 0"><span class='ocrx_word' id='word_1_542' title='bbox 1728 4398 1879 4447; x_wconf 87' lang='lat' dir='ltr'>Schol.</span> 
     </span>
    </p>
   </div>
   <div class='ocr_carea' id='block_1_8' title="bbox 2206 4539 2231 4584">
    <p class='ocr_par' dir='ltr' id='par_1_21' title="bbox 2206 4539 2231 4584">
     <span class='ocr_line' id='line_1_89' title="bbox 2206 4539 2231 4584; baseline 0 0"><span class='ocrx_word' id='word_1_543' title='bbox 2206 4539 2231 4584; x_wconf 89' lang='grc'><em>7</em></span> 
     </span>
    </p>
   </div>
  </div>
 </body>
</html>
