3000 4979
913 313 1047 381 DE
1091 311 1351 379 ARTE
1398 309 1840 378 POETICA.

249 508 378 566 235
471 493 832 579 Verbaque,
867 489 1157 568 Pisones,
1190 491 1567 576 Satyrorum
1598 488 1872 574 scriptor
1900 491 2166 566 amab03

468 605 611 671 Nec
640 603 731 666 sic
760 601 968 670 enitar
997 602 1244 688 tragico
1273 600 1533 666 differre
1563 599 1785 677 colori,
1920 611 1927 618 ·

470 718 567 784 Ut
596 714 759 780 nihil
788 713 1040 779 intersit
1068 713 1380 778 Davusne
1408 711 1707 797 loquatur
1737 723 1801 775 et
1827 709 2042 775 audax

473 827 739 913 Pythias
771 836 1070 889 emuncto
1098 822 1347 888 lucrata
1378 821 1645 888 Simone
1674 820 2004 896 talentum,

471 938 580 1001 An
610 948 821 1000 custos
851 931 1250 1019 famulusque
1276 931 1384 997 dei
1417 930 1673 997 Silenus
1701 929 1961 996 alumni.

473 1050 578 1114 Ex
609 1062 764 1113 noto
794 1047 1011 1111 fictum
1043 1067 1302 1110 carmen
1334 1066 1584 1131 sequar,
1619 1057 1691 1109 ut
1718 1043 1841 1108 sibi
1873 1043 2077 1128 quivis

466 1161 693 1244 Speret
720 1156 893 1221 idem
919 1180 939 1232 ;
980 1155 1166 1220 sudet
1196 1155 1491 1232 multum,
1522 1153 1878 1239 frustraque
1906 1151 2154 1217 laboret

471 1270 688 1333 Ausus
718 1266 926 1332 idem:
974 1279 1224 1331 tantum
1256 1265 1448 1352 series
1482 1265 1911 1348 juncturaque
1940 1263 2180 1348 pollet3

467 1377 753 1441 Tantum
782 1377 865 1441 de
896 1375 1108 1440 medio
1137 1376 1362 1440 sumtis
1393 1373 1642 1439 accedit
1669 1374 1952 1438 honoris.

468 1484 658 1551 Silvis
685 1484 947 1551 deducti
975 1499 1258 1562 caveant,
1292 1507 1393 1550 me
1424 1484 1663 1571 judice,
1700 1484 1927 1562 Fauni,

253 1603 382 1660 245

474 1595 599 1673 Ne,
631 1594 802 1660 velut
830 1596 1032 1660 innati
1062 1596 1262 1660 triviis
1292 1618 1367 1661 ac
1394 1618 1560 1681 pene
1588 1595 1890 1673 forenseS,

471 1705 607 1769 Aut
637 1706 901 1771 nimium
933 1707 1168 1772 teneris
1200 1709 1591 1792 juvenantur
1622 1708 1905 1772 versibus
1935 1729 2239 1794 unquam,

469 1814 605 1880 Aut
635 1815 967 1881 immunda
993 1829 1256 1902 crepent
1284 1817 1832 1905 ignominiosaque
1862 1817 2035 1882 dicta
2052 1837 2074 1880 t

467 2058 560 2108 235
595 2047 841 2114 Satirarum
864 2049 977 2100 MS.
1001 2049 1188 2099 Hel-st.

214 2214 379 2272 Neres,
401 2231 504 2262 nam
538 2219 772 2263 communia
807 2232 849 2266 et
882 2219 1091 2285 vulgaria
1129 2217 1337 2276 reddidit,

208 2279 418 2340 qualibus
456 2280 624 2328 scilicet
663 2281 894 2330 Comoedia
929 2287 1094 2332 utitur.
1152 2284 1335 2346 Reliqui

211 2345 487 2407 interpretes
506 2346 849 2404 nugacissimum
875 2350 1054 2397 Veteris
1077 2349 1336 2396 scholiastae

210 2409 584 2472 Interpolatorern
605 2411 749 2458 secuti
771 2426 891 2461 sunt.
923 2414 979 2461 B.
1056 2415 1338 2460 Dominaner'a

209 2491 266 2521 ex
285 2476 452 2523 Graeco
483 2491 738 2536 expressum
766 2489 853 2535 est,
885 2477 1014 2545 κόμα
1039 2479 1069 2524 i.
1087 2494 1129 2525 e.
1159 2479 1337 2540 propria

210 2541 376 2601 quibus
391 2540 614 2588 contraria
635 2553 739 2589 sunt
761 2543 924 2608 Ennea.
986 2543 1061 2590 Sic
1081 2544 1336 2591 domieHinm

211 2604 379 2653 habere
424 2605 589 2652 dieitur
634 2607 823 2655 verbum
872 2609 918 2655 in
951 2624 1005 2655 ea
1053 2623 1123 2664 re,
1151 2609 1206 2655 de
1235 2624 1344 2670 qua,

211 2670 406 2782 gomie,
437 2669 590 2736 augia-5
615 2671 868 2730 adhibetur,
894 2673 992 2721 Cic.
1017 2673 1142 2720 Fam.
1165 2670 1239 2721 16.
1264 2684 1340 2732 17.

280 2800 404 2846 Bene
419 2798 578 2861 adjecit
594 2802 753 2859 solus-3
790 2803 910 2864 quod
926 2817 981 2850 ex
997 2814 1122 2865 parte
1143 2803 1336 2849 maxima

208 2864 403 2927 Satyrici
436 2867 750 2913 communibus
773 2880 818 2914 et
839 2868 1169 2914 dominantibus
1192 2866 1337 2914 verbis

210 2941 478 2976 uterentur:
530 2930 642 2976 bene
688 2931 825 2978 eti-‘tm
869 2936 1037 2980 nomina
1085 2933 1299 2995 verbaque
1313 2952 1333 2987 ,-

208 3009 313 3057 quae
336 2994 621 3046 Aristotelica
640 2995 799 3043 divisio
822 3009 887 3043 est
909 2995 1242 3044 vocabulorum.

278 3071 339 3117 23
344 3071 372 3117 5
408 3060 625 3123 scriptor,
643 3060 798 3123 supple
820 3078 913 3108 cua
931 3063 1079 3124 suero.

278 3121 374 3182 236
411 3124 563 3179 colori,
587 3123 865 3173 characteri.

278 3200 373 3247 237
407 3190 590 3247 Davus,
609 3189 917 3237 Terentianus
936 3205 1103 3238 servus.

281 3251 377 3311 238
413 3254 593 3317 Pythias
611 3272 628 3309 ,·
663 3256 837 3303 Ancilla
858 3258 902 3302 in
930 3257 1139 3303 Comaedia
1162 3257 1340 3304 Lucilii.

209 3319 330 3363 Vet-
347 3317 499 3365 Schol.
518 3319 661 3381 Cruq.

280 3382 489 3431 &uncto
525 3383 723 3441 Sinon&
770 3386 945 3432 deriso:
981 3384 1064 3432 soli
1108 3384 1226 3432 enim
1264 3386 1338 3432 in·-

206 3448 361 3494 fantes
382 3462 699 3509 emunguntur.
719 3450 773 3496 B.
808 3451 1006 3497 Madia'i
1024 3452 1218 3513 infanda
1239 3455 1336 3498 nasi

206 3514 380 3577 Juven.
423 3526 499 3560 ro.
549 3527 656 3575 199.
703 3515 820 3562 senis
866 3514 1166 3563 attributum=
1218 3517 1336 3577 apud

208 3580 405 3624 Graecos
447 3577 630 3643 κίςυζοι,
664 3579 802 3627 altera
833 3580 908 3626 illa
939 3595 1100 3629 senum
1134 3580 1339 3637 infantia,

206 3658 301 3704 qua
320 3642 441 3690 eludi
466 3656 649 3705 possunt
668 3643 858 3692 facilius.
880 3647 942 3692 G.
1004 3646 1062 3704 [†
1082 3647 1337 3704 Emungere

205 3718 280 3754 eat
302 3723 383 3769 per
403 3708 558 3755 dolum
596 3721 641 3755 et
680 3711 839 3757 astutis
874 3708 1045 3757 technis
1067 3711 1340 3758 defraudare.

205 3772 503 3819 Vocabulum
527 3775 582 3820 de
604 3774 839 3821 Comoedia
860 3787 1079 3822 sumtum.
1112 3775 1340 3823 Hermer-

205 3839 310 3884 has.
327 3839 383 3884 ad
405 3837 599 3886 Lucian.
621 3839 744 3885 Dial.
765 3841 913 3886 Mort.
929 3838 999 3903 6.]

281 3913 375 3963 239
412 3904 596 3961 Canos,-
626 3903 783 3950 Tutor
816 3914 915 3950 erat
947 3904 1110 3952 Bacchi
1145 3904 1340 3964 Silenus,

202 3978 260 4014 et
293 3967 488 4031 Satyrici
526 3968 668 4016 Chori
703 3968 980 4031 Coryphaeua
1001 3981 1049 4016 et
1069 3970 1339 4017 Praecentor.

204 4032 298 4079 Est
318 4031 457 4091 igitur
479 4034 643 4097 Satyra
661 4034 838 4096 majoris
852 4034 1080 4092 diguitatis
1094 4049 1230 4095 quam
1246 4035 1339 4080 Co·

205 4097 392 4145 media.
469 4098 649 4146 Silenus
684 4097 730 4143 in
768 4097 928 4157 chorea
962 4097 1200 4145 Recitator
1230 4110 1340 4154 erat,

204 4177 292 4209 seu
311 4163 482 4220 Poeta3
501 4163 649 4227 Satyri
672 4175 825 4210 autem
845 4158 1133 4227 Hypocritae,
1151 4162 1228 4225 qui
1242 4179 1340 4222 ges-

204 4226 477 4274 ticulatione
508 4229 830 4290 exprimebant,
870 4243 972 4288 quae
1005 4226 1078 4273 ille
1111 4227 1341 4274 referebat.

205 4292 401 4339 Dicitur
416 4304 567 4339 autem
586 4294 762 4341 Silenus
778 4292 1018 4340 Herodoto
1027 4292 1193 4338 Silena:
1203 4292 1341 4338 Mar-

203 4375 344 4421 squ,-
402 4372 535 4417 quem
585 4369 633 4406 et
665 4359 806 4422 Nysa:
837 4372 1040 4418 regnasse
1073 4372 1127 4403 ex
1164 4355 1342 4403 fabulis

201 4420 362 4496 prodit
383 4421 631 4472 Diodotus.
707 4425 794 4473 sed
815 4425 1001 4486 Marsya
1024 4422 1190 4473 flumen
1211 4433 1334 4473 crate

1285 2062 1379 2112 237
1412 2066 1471 2099 au
1493 2053 1637 2101 audax
1662 2053 1774 2100 Van.
1795 2051 1931 2099 Glar.
1948 2050 2067 2098 MS.
2086 2049 2276 2098 Hel-se.

1401 2220 1589 2267 numina
1611 2235 1715 2267 vero
1734 2216 1973 2266 fluminum
1990 2234 2013 2265 e
2032 2218 2295 2280 Satyrorum
2314 2227 2360 2264 et
2379 2217 2531 2280 Nym-

1400 2285 1589 2346 pharum
1611 2300 1770 2344 genere
1788 2285 1983 2331 fuerant.
2067 2283 2151 2330 Est
2170 2282 2307 2342 igitur
2324 2298 2346 2327 a
2372 2283 2531 2334 Συλὲν

1402 2350 1609 2408 silenus3
1644 2361 1692 2396 ut
1717 2365 1740 2394 a
1766 2348 1910 2409 Σίφω
1931 2346 2165 2408 xivam,
2204 2346 2275 2393 vel
2298 2345 2531 2401 Σίβυλλα.

1402 2414 1583 2462 Notum
1622 2426 1689 2460 est
1712 2412 1849 2460 etiam
1871 2426 1996 2458 senes
2019 2412 2203 2474 Satyros
2225 2413 2368 2458 dictos
2388 2410 2527 2458 fuisse

1403 2479 1576 2538 Silenos,
1597 2479 1656 2526 ob
1677 2493 1901 2526 summam
1939 2475 2107 2523 scilicet
2142 2475 2339 2525 Poeticae
2377 2476 2530 2524 Musi-

1400 2559 1553 2605 caeque
1594 2543 1815 2605 peritiam.
1894 2541 2021 2603 Quin
2060 2554 2107 2588 et
2139 2541 2320 2588 Latinis
2353 2538 2541 2601 Silanus,

1405 2608 1569 2657 canalis
1604 2621 1690 2663 est,
1721 2623 1801 2654 seu
1837 2605 2004 2662 fistula,
2040 2605 2187 2665 Belgis
2205 2602 2371 2664 glut:
2406 2608 2528 2654 unde

1403 2686 1449 2721 et
1470 2684 1675 2721 nostrum
1698 2669 1949 2729 gffloehuh.
1977 2672 2098 2732 quod
2118 2671 2283 2718 rectius
2302 2670 2358 2717 ab
2379 2686 2529 2730 agres-

1402 2738 1525 2785 tibus
1575 2734 1839 2796 §ssuhach
1890 2735 2128 2797 profertur,
2170 2736 2288 2797 quod
2342 2735 2526 2797 quidem

1400 2818 1474 2849 vas
1515 2814 1583 2850 est
1625 2801 1941 2857 ventricosum,
1979 2799 2140 2848 tubulo
2176 2815 2254 2847 seu
2291 2799 2432 2846 canali
2455 2799 2529 2845 in-

1400 2879 1536 2915 serto.

1465 2944 1563 2988 240
1599 2930 1785 2994 Sequar-,-
1820 2944 2047 2992 exsequar.

1467 3009 1562 3053 242
1591 3000 1757 3052 Ausus,
1797 2994 1969 3056 supple,
2001 3011 2095 3042 cun
2113 2993 2277 3057 suen‘t.
2310 2993 2365 3039 B.
2431 2991 2531 3040 Cic.

1403 3062 1533 3108 Orat.
1555 3076 1593 3108 c.
1618 3074 1694 3120 23.
1781 3059 1997 3107 Orationis
2039 3059 2257 3105 subtilitas
2301 3058 2543 3117 imitabilis,

1399 3128 1481 3173 illa
1504 3128 1665 3189 quidem
1702 3126 1878 3172 videtur
1908 3125 2192 3179 existimati,
2223 3124 2297 3169 sed
2326 3122 2439 3168 nihil
2466 3130 2530 3168 ert

1398 3193 1635 3254 experienti
1654 3192 1807 3235 ninus.
1840 3190 1903 3235 G.

1467 3255 1600 3304 Series
1618 3257 1911 3319 junctumque
1918 3274 1935 3307 ,-
1972 3252 2085 3300 ordo
2101 3263 2146 3298 et
2170 3250 2407 3299 collocatio
2428 3265 2529 3298 ver-

1400 3321 1577 3368 borum.

1466 3397 1559 3445 243
1594 3385 1666 3431 De
1685 3385 1838 3435 medim-
1877 3386 1925 3429 de
1952 3382 2128 3445 pubIIca
2160 3392 2202 3429 et
2236 3383 2413 3445 vulgata
2433 3390 2535 3426 aad

1403 3454 1532 3497 teria.
1586 3451 1695 3496 Vet.
1723 3447 1873 3495 Schol.
1906 3449 2045 3509 Cruq.
2130 3448 2363 3497 Comicam
2395 3444 2531 3492 intel-

1400 3515 1516 3575 ligit.

1467 3580 1695 3632 Honoriss
1730 3580 1918 3627 decoris.

1468 3658 1564 3702 244
1597 3646 1801 3699 Deducri,
1820 3660 1845 3690 a
1870 3644 2155 3699 Praesultore,
2176 3658 2253 3689 seu
2275 3641 2444 3689 Sileno.

1467 3722 1561 3768 245
1599 3710 1765 3756 Triviis
1784 3728 1800 3755 .-
1837 3710 2001 3755 Romae
2020 3708 2205 3755 scilicet.

1465 3776 1696 3829 Formes5
1737 3788 1840 3819 nam
1877 3773 1923 3819 in
1956 3774 2076 3820 Foro
2107 3772 2353 3833 purissimis
2386 3774 2529 3821 verbis

1404 3841 1660 3888 utebantur.
1749 3838 1899 3886 Verba
1936 3836 1984 3883 T
1976 3856 2060 3901 ege
2095 3839 2276 3900 sequeris
2314 3842 2529 3904 junctura

1399 3906 1575 3952 callidus
1597 3906 1705 3951 acre'.
1769 3903 1968 3949 Persius.

1467 3969 1563 4025 246
1600 3969 1797 4021 Teum„
1834 3966 2053 4023 delicatis,
2094 3965 2289 4014 urbanis.
2318 3968 2375 4015 B.
2439 3971 2529 4017 Ju-

1401 4037 1560 4081 venari
1578 4049 1634 4079 ex
1656 4035 1822 4080 Graeco
1842 4031 2107 4085 formatum,
2134 4030 2414 4090 ηαηιῦσθιι,
2436 4051 2529 4082 non

1403 4111 1576 4153 autem,
1613 4111 1664 4145 ut
1701 4096 1829 4158 plane
1866 4095 2064 4156 ἀμούσως
2097 4096 2225 4156 fingit
2249 4097 2529 4158 Harduinus,

1405 4163 1535 4209 metri
1554 4178 1682 4210 causa
1698 4162 1868 4209 fictum.
1903 4164 2002 4208 Aut
2026 4177 2253 4223 nunquam
2275 4163 2529 4222 degustarat

1403 4227 1479 4273 ille
1504 4227 1571 4274 vir
1591 4225 1813 4288 poeticen,
1840 4238 1921 4273 aut
1935 4226 2078 4273 sciens
2096 4226 2145 4273 in
2167 4226 2253 4273 hoc
2274 4243 2433 4286 genere
2456 4244 2532 4276 ca-

1403 4291 1652 4339 lumniatus
1673 4304 1757 4339 est.
1791 4293 1852 4338 G.
2335 4304 2343 4314 ·

1468 4368 1561 4415 247
1596 4357 1843 4412 Ina-unda,
1895 4355 2017 4415 vilia,
2067 4355 2290 4417 humilia;
2344 4370 2534 4422 crepent,

1403 4421 1709 4479 dehntetem,
1740 4422 2031 4488 ignominiosa,
2058 4421 2305 4475 inhonesta.
2387 4423 2533 4489 Maga
