3000 4979
1492 295 1624 354 520

897 679 1008 776 Q.
1084 675 1673 760 HORATII
1758 677 2255 761 FLACCI

1089 908 2055 1000 EPISTOLARUM

1188 1131 1449 1194 LIBER
1492 1131 1974 1193 SECUNDUS.

1179 1620 1655 1704 EPISTO
1681 1622 1841 1702 LA
1939 1622 2005 1701 I.

1326 1836 1424 1884 AD
1457 1836 1867 1885 AUGUSTUM.

436 2000 550 2051 Post
580 2002 844 2065 splendidum
874 2014 919 2048 et
956 2020 1217 2050 numerosum
1245 2005 1509 2067 principium
1540 2023 1620 2068 quo
1656 2006 1800 2051 laudes
1836 2003 2030 2067 Augusti
2061 2003 2225 2066 egregie
2264 2003 2402 2059 canit,
2428 1999 2652 2047 subtisse'm
2675 2001 2781 2047 Ao-

500 2080 678 2130 gustum
717 2076 857 2113 novet
893 2070 936 2113 in
997 2087 1172 2114 morene
1207 2072 1276 2114 sui
1315 2073 1514 2133 temporis
1549 2080 1794 2134 poetarum.
1832 2069 1885 2114 B.
1950 2069 2072 2116 Cum
2096 2070 2352 2126 Augustus»,
2386 2067 2778 2127 quemadmodum

509 2131 755 2179 Suetonius
780 2131 825 2177 in
848 2131 940 2179 vita
1018 2134 1148 2179 oratii
1173 2133 1324 2190 tradit,
1348 2146 1536 2196 questus
1557 2147 1689 2188 esset,
1709 2136 1828 2195 quod
1852 2133 1964 2180 nihil
1988 2134 2043 2179 ad
2066 2149 2112 2179 se
2139 2144 2185 2179 et
2201 2132 2255 2178 de
2278 2147 2324 2180 se
2346 2131 2592 2187 scriberem
2626 2147 2685 2176 ne
2706 2144 2782 2175 ta-

509 2195 600 2242 lem
623 2208 893 2258 tantumque
918 2196 1063 2244 virum
1088 2198 1308 2257 negligere
1333 2199 1574 2255 videretur,
1605 2202 1800 2261 scripsit,
1826 2199 2004 2261 opinor,
2031 2197 2148 2244 hanc
2170 2196 2424 2259 epistolam,
2459 2212 2547 2257 qua
2572 2194 2786 2256 inprimis

511 2261 601 2310 hoc
643 2261 752 2320 egit,
783 2277 833 2306 ut
872 2277 1051 2309 causam
1090 2262 1283 2320 afferret,
1313 2279 1394 2311 cur
1432 2265 1486 2311 ad
1526 2280 1596 2310 res
1626 2266 1823 2324 Augusti
1859 2264 2110 2310 scribendas
2143 2278 2235 2309 non
2274 2262 2520 2317 accederet,
2552 2261 2787 2321 premissa

515 2326 703 2372 historia
724 2327 914 2388 quadam
948 2327 1101 2375 critica
1135 2328 1188 2374 de
1210 2329 1331 2389 poesi
1355 2331 1539 2392 ejusque
1561 2331 1707 2391 pretio
1728 2330 1844 2392 apud
1869 2330 2116 2375 Romanos.
2183 2327 2311 2373 Ordo
2343 2337 2496 2373 autem
2533 2326 2792 2371 sententia-

515 2405 637 2446 rum,
657 2407 793 2453 quem
815 2391 1033 2454 sequitur,
1047 2392 1121 2439 hic
1152 2405 1243 2439 est:
1285 2395 1356 2440 Ne
1386 2407 1450 2451 te,
1486 2397 1711 2454 Auguste,
1732 2395 2101 2457 occupationibus
2122 2408 2203 2455 pro
2226 2392 2336 2453 reip.
2356 2390 2499 2437 salute
2523 2390 2786 2437 distentum

516 2471 686 2513 morer,
705 2456 802 2504 hoec
824 2472 960 2519 pauca
982 2473 1005 2504 a
1030 2472 1101 2504 me
1122 2458 1287 2521 accipe.
1355 2459 1604 2517 Romulus,
1623 2460 1843 2516 Bacchus,
1864 2461 2030 2508 Castor
2048 2470 2095 2505 et
2118 2458 2303 2514 Pollux,
2330 2459 2514 2504 demum
2535 2468 2643 2519 post
2666 2470 2794 2502 mor·

519 2533 612 2567 tem
639 2522 756 2569 inter
776 2522 901 2570 Deos
926 2536 1032 2570 sunt
1060 2523 1186 2570 relati
1205 2540 1220 2581 ς
1252 2540 1408 2571 verum
1432 2526 1627 2588 populus
1647 2538 1754 2573 tuus
1774 2526 1855 2572 tibi
1883 2526 1985 2571 vivo
2007 2524 2182 2571 divinos
2202 2523 2360 2572 tribuit
2380 2523 2614 2578 honores;
2649 2534 2793 2584 atque

523 2587 568 2633 in
592 2586 680 2633 hoc
710 2603 801 2633 uno
830 2603 988 2647 genere
1014 2600 1137 2635 recte
1158 2588 1314 2645 sentit,
1346 2590 1393 2637 in
1418 2592 1565 2653 poetis
1586 2590 1861 2639 aestimandis
1881 2603 2032 2637 autem
2063 2605 2089 2634 a
2109 2604 2215 2636 vero
2229 2601 2273 2635 et
2291 2604 2422 2649 aequo
2443 2588 2620 2635 recedit
2645 2587 2801 2646 longe.

522 2653 663 2708 Nam,
698 2653 855 2714 spretis
876 2654 1214 2710 recentioribus,
1244 2670 1335 2701 non
1359 2656 1442 2702 nisi
1466 2656 1816 2718 antiquissimos,
1849 2656 1972 2702 velut
1997 2654 2218 2710 Ennium,
2248 2654 2481 2708 Naeviurn,
2515 2652 2799 2707 Pacuvium,

520 2717 741 2773 Accium,
759 2717 1022 2773 Afranium,
1042 2719 1277 2776 Plautum,
1295 2720 1551 2779 Caecilium,
1570 2721 1719 2769 laudat
1742 2733 1789 2767 et
1804 2720 1926 2781 legit.
1992 2720 2225 2766 Interdum
2248 2719 2430 2780 quidem
2450 2730 2577 2763 recte
2587 2717 2799 2778 judicat:

525 2785 602 2831 sed
631 2784 737 2829 ferri
769 2800 858 2829 non
899 2795 1061 2843 potest,
1098 2783 1133 2830 si
1158 2796 1289 2844 negat
1316 2786 1424 2832 vitia
1461 2787 1593 2848 plane
1628 2785 1716 2833 illis
1741 2787 1904 2842 inesse,
1935 2796 2014 2831 aut
2045 2784 2104 2831 ob
2126 2783 2263 2832 solam
2287 2783 2608 2844 antiquitatem
2640 2782 2720 2828 vel
2742 2784 2799 2830 ob

527 2864 669 2895 unum
694 2847 940 2895 alterumve
956 2848 1181 2908 eleganter
1201 2850 1374 2897 dictum
1397 2864 1607 2913 poemata
1626 2867 1679 2898 ex
1701 2863 1801 2899 toto
1821 2850 2080 2910 magnifacit
2095 2864 2147 2895 ac
2168 2849 2370 2910 praefert,
2385 2861 2523 2909 atque
2547 2847 2608 2893 ita
2631 2863 2799 2893 reeen-

525 2913 642 2962 tiora
663 2915 775 2961 odit.
838 2913 989 2960 Graeci
1012 2929 1137 2961 secus
1157 2915 1382 2971 fecerunt,
1416 2917 1578 2977 quibus
1599 2917 1776 2963 novitas
1796 2917 1965 2979 placuit
1985 2916 2068 2971 ita,
2098 2926 2148 2961 ut
2171 2929 2343 2976 semper
2366 2914 2470 2959 novi
2493 2912 2675 2974 aliquid
2701 2930 2803 2959 mo-

528 2979 736 3028 lirentur.
802 2980 941 3040 Apud
973 2978 1225 3037 Romanos,
1255 2981 1332 3042 qui
1367 2982 1476 3027 olim
1502 2982 1613 3042 juri,
1644 2983 1709 3028 rei
1741 2980 1952 3028 familiari
1982 2995 2162 3039 operam
2186 2980 2421 3033 dederunt,
2452 2992 2580 3024 nunc
2616 2991 2806 3025 mutato

532 3044 698 3099 studio,
728 3044 853 3105 pueri
879 3057 922 3091 et
946 3055 1112 3106 patres,
1144 3046 1266 3092 docti
1288 3058 1332 3093 et
1356 3046 1526 3093 indocti
1548 3061 1701 3093 versus
1732 3046 1948 3094 scribunt.
2014 3046 2122 3091 Hoc
2152 3045 2349 3091 studium
2384 3043 2599 3089 insanum
2641 3057 2803 3089 tamen

532 3109 668 3155 habet
689 3109 786 3155 haec
806 3111 1043 3156 commoda
1061 3126 1072 3156 τ
1100 3121 1261 3171 poetae,
1281 3111 1414 3157 alieni
1438 3112 1493 3158 ab
1510 3112 1696 3158 avaritia
1717 3124 1764 3158 et
1784 3111 2020 3157 fraudandi
2041 3110 2241 3171 libidine,
2259 3106 2409 3171 paucis
2430 3119 2539 3153 sunt
2559 3110 2802 3165 contenti3

534 3189 787 3223 sermonem
808 3174 1011 3222 formant
1033 3190 1295 3236 puerorum,
1312 3177 1489 3235 fingunt
1511 3192 1675 3234 mores,
1701 3175 1915 3238 exemplis
1936 3175 2180 3225 instruunt,
2199 3174 2382 3236 hymnis
2402 3171 2638 3219 celebrant
2669 3176 2808 3221 Deos.

538 3240 678 3287 Prisci
706 3239 910 3299 agricolae
941 3240 1051 3286 olim
1083 3242 1323 3303 quotannis
1344 3253 1548 3302 tempore
1570 3242 1685 3288 festo
1717 3242 1956 3289 cantabant
1990 3240 2264 3287 Fescennina
2292 3239 2523 3294 carmina;
2558 3255 2669 3302 qua
2703 3255 2808 3287 cum

539 3305 674 3352 nimis
694 3316 839 3351 essent
862 3306 1104 3362 mordacia,
1123 3318 1275 3367 postea
1298 3322 1425 3368 poena
1446 3307 1533 3353 lata
1556 3309 1609 3353 ad
1642 3306 1992 3353 benedicendum
2022 3317 2128 3353 sunt
2155 3306 2346 3351 redacta.
2411 3306 2671 3366 Postquam
2706 3318 2811 3351 tan-

539 3372 643 3419 dem
675 3370 873 3419 Romani
896 3372 1163 3417 Graecorum
1193 3371 1342 3418 literas
1365 3383 1689 3431 cognoverunt,
1721 3371 1867 3434 poesis
1888 3373 2068 3434 quidem
2093 3370 2254 3417 cultior
2276 3381 2344 3415 est
2365 3369 2503 3426 facta,
2528 3382 2577 3416 et
2601 3370 2815 3431 inprimis

539 3434 793 3497 tragoedias,
822 3435 877 3480 ad
899 3450 1009 3495 quas
1030 3435 1169 3482 Rom.
1203 3436 1432 3496 ingenium
1467 3449 1533 3483 est
1556 3436 1721 3499 aptius,
1756 3436 1944 3483 scribere
1965 3447 2220 3497 coeperunt,
2249 3436 2324 3481 sed
2348 3433 2499 3480 minus
2521 3438 2816 3482 emendatas.

541 3500 707 3550 Multo
732 3499 881 3545 minus
902 3515 970 3546 res
998 3501 1129 3547 cessit
1152 3501 1197 3546 in
1222 3502 1467 3559 comoediis,
1498 3503 1747 3564 praesertim
1774 3518 1878 3549 curn
1903 3502 2094 3565 populus
2117 3500 2255 3560 magis
2285 3498 2556 3561 spectaculis
2578 3501 2816 3563 rebusque

543 3582 646 3629 qua:
665 3564 819 3613 oculos
839 3564 1029 3620 feriunt,
1060 3581 1194 3627 quam
1213 3567 1327 3613 ludis
1348 3568 1534 3614 scenicis
1555 3567 1872 3625 delectaretur,
1900 3580 1944 3614 et
1959 3569 2070 3614 adeo
2090 3578 2235 3630 poetae
2252 3565 2307 3611 ab
2328 3564 2413 3612 hoc
2431 3581 2597 3623 genere
2623 3582 2820 3626 poeseos

544 3633 889 3678 deterrerentur.
952 3630 1131 3676 Verum
1167 3646 1222 3676 ne
1255 3633 1352 3694 quis
1385 3632 1502 3678 forte
1537 3643 1683 3695 putet,
1714 3648 1786 3678 me
1819 3632 2140 3695 reprehendere
2173 3646 2274 3693 quae
2306 3631 2399 3690 ipse
2431 3630 2584 3677 facere
2608 3649 2712 3679 non
2737 3649 2821 3679 an·

545 3698 702 3752 deam3
736 3696 970 3751 confirmo,
999 3710 1071 3741 me
1094 3698 1271 3757 poe'tam
1301 3698 1527 3744 comicum
1558 3698 1865 3758 tragicumque
1893 3698 2059 3744 bonum
2093 3696 2275 3743 maximi
2305 3696 2469 3742 facere.
2536 3699 2608 3744 Ut
2631 3713 2754 3745 vero
2775 3712 2824 3744 et

544 3761 737 3809 aliorum
757 3762 1008 3808 carminum
1029 3759 1223 3809 existant
1244 3762 1393 3809 idonei
1413 3773 1638 3820 auctores,
1664 3762 1825 3810 horum
1847 3763 2038 3823 aliquam
2061 3762 2223 3809 habeas
2235 3762 2372 3808 velim
2392 3759 2641 3808 rationem.
2718 3765 2830 3817 Sed,

546 3828 712 3884 fateor,
736 3842 816 3873 nos
840 3839 984 3889 poeta:
1006 3841 1121 3887 saepe
1145 3828 1270 3874 nobis
1304 3843 1535 3883 nocemus,
1564 3843 1667 3875 cum
1691 3827 1888 3875 carmina
1909 3828 1990 3874 tibi
2014 3828 2272 3888 importune
2295 3827 2534 3881 tradimus,
2564 3827 2830 3887 reprehen-

548 3892 671 3938 sione
704 3891 839 3938 unius
855 3906 1003 3938 versus
1037 3891 1323 3949 offendimur,
1353 3892 1520 3940 nostris
1540 3892 1809 3940 carminibus
1832 3892 1931 3954 plus
1952 3893 2195 3940 tribuimus
2214 3909 2348 3954 quam
2372 3907 2454 3954 par
2474 3903 2566 3946 est,
2584 3904 2631 3938 et
2657 3895 2824 3941 statim

547 3955 728 4018 praemia
752 3967 1075 4017 exspectamus.
1144 3957 1457 4004 Veruntamen
1481 3959 1617 4019 probe
1634 3958 1873 4004 videndum
1898 3970 1983 4014 est,
2013 3969 2064 4003 ut
2090 3974 2178 4005 non
2202 3958 2383 4016 indigno
2405 3970 2554 4018 poetae
2576 3972 2653 4003 res
2677 3973 2828 4019 gestoe

546 4021 891 4069 committantur
910 4034 955 4067 et
979 4036 1164 4068 munera
1188 4023 1371 4079 dentur,
1389 4023 1769 4084 quemadmodum
1794 4023 1993 4070 Choerilo
2015 4022 2270 4069 Alexander
2294 4023 2393 4080 M„
2413 4038 2439 4067 a
2461 4022 2595 4083 cujus
2617 4024 2830 4071 stultitia

548 4086 679 4145 longe
700 4086 835 4132 distat
856 4086 1089 4148 prudentia
1111 4100 1188 4133 tua
1209 4088 1263 4133 de
1288 4087 1482 4146 Virgilio
1504 4088 1739 4149 Varioque
1761 4088 1920 4149 poetis,
1951 4104 2064 4152 quos
2080 4100 2126 4134 et
2148 4088 2342 4136 dilexisti
2362 4100 2408 4133 et
2430 4088 2622 4134 ornasti.
2693 4090 2825 4137 Nam

545 4167 638 4201 non
657 4151 796 4210 magis
812 4166 889 4212 per
900 4163 1067 4198 statuas
1088 4163 1299 4213 apparent
1316 4152 1467 4199 vultus
1487 4153 1686 4199 virorum
1704 4153 1946 4211 clarorum,
1966 4170 2102 4216 quam
2127 4168 2272 4201 mores
2295 4153 2522 4214 animique
2544 4169 2720 4201 eorum
2747 4170 2828 4217 per

547 4230 742 4265 carmen.
804 4215 1028 4278 Equidem
1053 4217 1230 4264 mallem
1257 4228 1358 4264 tuas
1380 4234 1451 4264 res
1470 4219 1667 4265 carmine
1691 4217 1909 4265 celebrare
1943 4235 1993 4266 ac
2016 4219 2222 4275 virtutes,
2253 4234 2386 4281 quam
2409 4219 2600 4280 Satyras
2620 4220 2830 4266 scribere

547 4294 628 4331 aut
646 4280 875 4342 epistolas,
893 4282 928 4328 si
946 4283 1080 4328 modo
1100 4284 1245 4343 pudor
1260 4297 1389 4329 meus
1404 4299 1455 4331 ac
1478 4283 1643 4343 ingenii
1665 4284 1862 4331 tenuitas
1878 4299 2027 4331 rerum
2045 4297 2227 4331 tuarum
2245 4294 2419 4345 caperet
2436 4284 2831 4343 magnitudinem.

544 4347 727 4456 Verani:
755 4357 808 4391 ut
843 4346 986 4420 imago
1019 4347 1134 4395 male
1166 4362 1367 4411 expressa
1399 4360 1466 4398 est
1498 4348 1724 4407 dedecori,
1756 4348 1818 4398 ita
1851 4365 2031 4399 carmen
2064 4350 2232 4400 malum
2265 4348 2404 4413 magis
2433 4360 2501 4396 est
2532 4349 2828 4415 turpitudini

537 4426 674 4480 quam
730 4424 872 4457 onon.
