3000 4979
418 315 544 372 418

1084 302 1172 379 Q.
1224 300 1641 368 HORATII
1694 299 2037 369 FLACCI

692 479 920 544 Scriba
949 499 1031 542 ex
1063 477 1483 564 quinqueviro
1514 497 1775 542 corvum
1804 471 2069 543 deludet
2087 475 2395 556 hiantem,

685 588 1121 675 captatorque
1151 588 1331 652 dabit
1361 586 1526 652 risus
1558 586 1794 652 Nasica
1826 585 2105 653 Corano.

693 716 739 781 ql
795 702 969 781 Num
1000 698 1206 765 furis?
1252 723 1334 765 an
1365 700 1648 785 prudens
1678 700 1849 764 ludis
1880 722 2004 777 me,
2050 700 2325 766 obscura
2352 704 2643 770 canendo
2667 702 2702 767 ?

695 834 741 899 q
792 811 856 878 O
883 810 1245 888 Laertiade,
1294 811 1597 897 quicquid
1625 810 1856 887 dicam,
1903 824 2015 874 aut
2035 811 2176 887 erit,
2220 824 2336 877 aut
2360 835 2536 879 non:

515 937 600 993 60
689 926 1006 991 Divinare
1028 926 1260 989 etenim
1291 944 1565 1012 magnus
1585 922 1741 987 mihi
1774 922 1974 987 donat
2002 922 2262 1007 Apollo.

695 1049 741 1114 ql
794 1034 971 1110 Quid
1003 1046 1219 1099 tamen
1241 1034 1361 1098 ista
1380 1032 1533 1098 velit
1551 1033 1673 1097 sibi
1695 1030 1929 1108 fabula,
1976 1031 2028 1095 si
2057 1030 2224 1109 licet,
2269 1034 2412 1102 ede.

696 1168 742 1233 q
793 1144 1117 1230 Tempore
1144 1166 1274 1231 quo
1292 1143 1550 1229 juvenis
1577 1142 1833 1207 Parthis
1868 1141 2252 1221 horrendus„
2297 1145 2379 1209 ab
2410 1144 2538 1211 alto

682 1258 1052 1324 Demissum
1082 1278 1287 1343 genus
1319 1253 1556 1331 AEnea,
1605 1253 1831 1318 tellure
1861 1254 2148 1339 marique

694 1368 983 1456 Magnus
1007 1368 1151 1445 erit,
1199 1366 1350 1431 forti
1372 1366 1573 1431 nubet
1591 1387 1859 1450 procera
1891 1364 2150 1429 Corano

522 1486 605 1544 65
698 1478 867 1542 Filia
900 1478 1176 1556 Nasicoe,
1225 1478 1562 1543 metuentis
1593 1475 1863 1541 reddere
1893 1474 2166 1541 soldurn.

690 1588 865 1652 Tum
898 1610 1099 1674 gener
1122 1588 1245 1653 hoc
1274 1587 1492 1663 faciet3
1543 1586 1790 1653 tabulas
1821 1607 2043 1651 socero
2075 1584 2276 1661 dabit,
2320 1595 2505 1671 atque

685 1697 783 1765 Ut
803 1699 978 1787 legat
998 1698 1237 1764 orabit:
1287 1697 1557 1762 multum
1602 1696 1841 1763 Nasica
1871 1686 2127 1783 negatas

699 1808 996 1893 Accipiet
1025 1808 1306 1886 tandem,
1354 1823 1419 1872 et
1448 1808 1677 1872 tacitus
1706 1806 1912 1892 leget3
1960 1804 2363 1890 invenietque

691 1916 806 1981 Nil
834 1919 954 1982 sibi
984 1918 1288 2005 legatum,
1334 1929 1573 2001 praeter
1603 1913 1878 2000 plorare,
1927 1915 2201 2001 suisque.

519 2036 605 2098 70
694 2026 868 2092 Illud
901 2027 983 2091 ad
1014 2027 1154 2091 haec
1172 2028 1405 2113 jubeo;
1452 2027 1685 2091 mulier
1706 2027 1758 2090 si
1790 2025 1952 2091 forte
1982 2024 2207 2091 dolosa

689 2136 1070 2201 Libertusve
1101 2160 1312 2201 senem
1332 2137 1604 2202 delirum
1636 2150 1971 2222 temperet,
2019 2136 2144 2200 illis

690 2248 977 2313 Accedas
1002 2249 1246 2312 socius:
1294 2248 1534 2326 laudes,
1583 2248 1862 2312 lauderis
1894 2262 1966 2312 ut
1997 2249 2266 2312 absens:

694 2357 980 2443 Adjuvat
1009 2357 1132 2422 hoc
1155 2380 1446 2446 quoque3
1494 2356 1605 2421 sed
1635 2357 1831 2421 vincit
1861 2358 2055 2446 longe
2083 2358 2261 2444 prius
2291 2357 2502 2443 ipsum

700 2470 1096 2561 Expugnare
1126 2486 1355 2559 caput:
1406 2470 1637 2537 scribet
1667 2470 1837 2537 mala
1866 2473 2149 2538 carmina
2179 2468 2448 2538 vecors?

419 2666 542 2730 sacti
562 2681 662 2714 sunt
685 2688 760 2716 usu
783 2673 874 2736 ipso
905 2683 946 2719 e!
953 2674 1210 2738 frequentia
1230 2694 1246 2721 :
1281 2676 1412 2721 solent
1429 2686 1573 2721 auten

435 2735 548 2779 uiui
576 2736 760 2798 quinque
797 2740 907 2791 viri,
938 2742 1012 2801 qm·
1031 2757 1123 2787 cun
1159 2742 1393 2795 rediissent,
1420 2742 1574 2786 vende·

431 2796 539 2844 bant
560 2798 773 2847 Decurre.
794 2821 913 2859 suas,
929 2814 971 2849 ee
993 2806 1291 2870 Quinquevin’
1311 2804 1576 2852 dicebantur.

433 2861 546 2908 Vct.
564 2862 713 2911 Schol.
735 2866 876 2927 Cruq.
940 2868 1173 2916 Coranum
1198 2869 1430 2928 significat.
1463 2869 1578 2915 vid.

435 2938 481 2975 2.
504 2925 548 3001 ⁶:
564 2924 644 2986 36.
708 2924 916 2978 Humilis
954 2934 1128 2981 curatio
1151 2934 1574 2999 Qiuqucvirorum

429 3003 479 3038 et
499 3007 575 3038 vix
597 2994 896 3052 magistratus.
949 2998 1048 3046 Cic.
1070 3000 1215 3046 Acad.
1237 3012 1282 3049 2.
1299 3015 1339 3046 c.
1358 3013 1438 3056 44.
1473 3000 1575 3046 Ne·

431 3059 583 3103 minem
615 3077 701 3105 esse
743 3062 1009 3119 Praetoren,
1057 3065 1384 3126 Imperatorem,
1443 3066 1578 3111 nescio

429 3138 488 3233 gt
530 3140 582 3169 ne
623 3124 965 3189 Quinqueve‘tm
1003 3130 1191 3192 quidem,
1219 3132 1304 3178 uisi
1322 3132 1568 3193 sapientem.

495 3249 561 3311 56
594 3254 730 3302 Corvi
769 3256 944 3304 inhiant
977 3258 1279 3316 cadaveribus,
1309 3270 1361 3306 ut
1400 3258 1572 3320 Capta-

433 3327 556 3365 tores
575 3318 767 3366 divitum
789 3321 1037 3370 funeribus.

494 3379 559 3441 58
591 3383 750 3444 Ludis,
771 3385 943 3444 παίζεις
1008 3387 1127 3446 Ruit
1156 3386 1354 3438 htnttt
1389 3394 1490 3436 m!-

495 3458 560 3509 59
594 3450 698 3496 Aut
716 3452 818 3505 erit,
846 3461 925 3498 aut
956 3470 1064 3507 mm
1101 3454 1285 3500 Jocaeur
1316 3457 1362 3501 in
1401 3454 1575 3516 Apolli-

425 3530 537 3570 aen,
565 3526 616 3559 ut
639 3513 880 3579 Saty-icus.
943 3517 1054 3564 Vct.
1066 3515 1216 3564 Schol.

492 3575 551 3625 61
589 3578 642 3624 Si
660 3579 774 3637 licet,
806 3579 853 3627 h.
888 3595 930 3627 e.
966 3579 1053 3627 nisi
1086 3592 1307 3628 secretum
1344 3581 1403 3629 sit
1438 3583 1561 3643 quod

426 3641 615 3703 prodere
638 3645 778 3692 nefas.

442 3769 452 3778 ι
490 3703 555 3778 69,
587 3707 789 3765 ,rma-is,
821 3710 1095 3774 perpetuum
1125 3710 1326 3772 Augusti
1348 3722 1393 3758 ct
1411 3712 1563 3775 Apol·

422 3769 529 3816 linis
564 3771 831 3831 Epitheton.
862 3776 914 3823 B.
970 3777 1163 3824 sirecte
1202 3792 1248 3823 se
1284 3775 1452 3823 habeut
1492 3793 1564 3824 ra-

422 3833 570 3884 tiones
586 3836 799 3895 Bentleii,
829 3851 875 3887 et
898 3842 1097 3889 nondum
1116 3841 1245 3888 video
1276 3842 1396 3903 quod
1418 3841 1564 3905 irnpe-

422 3899 545 3956 diat3
561 3903 744 3963 juvenis
766 3904 903 3952 etiam
948 3905 1053 3953 stilo
1087 3907 1297 3953 Romano
1328 3917 1427 3955 tum
1466 3920 1564 3955 erat

423 3962 595 4037 Capar,
657 3968 734 4027 qui
789 3970 983 4018 Parthis
1032 3973 1260 4018 horrendus
1301 3986 1377 4032 spe
1425 3983 1561 4034 atque

424 4043 576 4075 omme
599 4030 779 4078 dicitur.
813 4035 875 4081 G.

487 4090 553 4149 64
585 4095 941 4158 Forti,Dilogus
960 4111 1007 4145 et
1030 4112 1213 4148 strenuo
1234 4099 1368 4147 militi
1402 4110 1449 4147 et
1488 4102 1563 4148 iu-

422 4158 556 4215 genio
589 4172 771 4219 proruto
819 4175 866 4210 et
908 4163 1062 4211 libero.
1126 4166 1277 4212 Etiam
1325 4166 1561 4230 juvenalis

420 4232 656 4269 castrorum
678 4229 864 4273 comitem
880 4229 1086 4290 appellat.

487 4286 639 4334 Nubet
660 4292 797 4337 modo
830 4293 981 4353 posuit
1028 4308 1112 4354 pro
1148 4294 1304 4356 coibit,
1335 4295 1407 4344 vel
1446 4311 1558 4343 con-

416 4351 634 4399 cumbet:
692 4367 739 4399 ct
780 4371 957 4404 mecum
1012 4358 1149 4406 sentit
1202 4360 1437 4412 Dacerius.
1502 4361 1558 4409 Β.

411 4413 594 4480 Nempe
614 4417 823 4479 videtur,
852 4437 956 4470 cum
984 4424 1194 4473 scriberet
1225 4425 1308 4473 ista
1353 4426 1557 4486 Flaccus,
1619 4426 1739 4478 licet.

1637 2688 1792 2720 recens
1806 2671 1944 2718 fuisse
1961 2671 2145 2719 historia
2169 2671 2235 2719 illi
2258 2672 2419 2728 affinis,
2446 2683 2584 2730 quam
2607 2669 2776 2716 habeut

1634 2737 1885 2796 fragmenta
1910 2737 2064 2783 Petro.
2094 2752 2134 2784 c.
2162 2750 2272 2794 140.
2291 2740 2348 2785 de
2382 2734 2658 2784 Philumene
2677 2736 2784 2798 fiii-

1638 2819 1708 2849 aa
1730 2806 1941 2867 ingerente
1961 2802 2083 2849 orbis
2114 2803 2308 2850 senibus·
2339 2804 2403 2850 G.
2464 2799 2612 2858 Igitur
2654 2800 2785 2860 inge-

1641 2869 1764 2914 niose
1787 2870 1917 2929 poe'ta
1939 2867 2170 2913 vaticinari
2191 2868 2313 2914 illam
2334 2864 2558 2914 'l'iresiam
2588 2866 2785 2922 inducit,

1639 2945 1693 2980 ut
1716 2932 1851 2979 simul
1872 2932 2043 2991 egregie
2065 2932 2277 2979 laudetur
2291 2934 2546 2992 Augustus.
2582 2932 2652 2980 Ζ.

1703 2998 1893 3045 Pru-era
1913 2997 2066 3056 nimis,
2095 3013 2178 3044 nec
2198 2996 2306 3044 satis
2324 2997 2480 3060 lepida.

1704 3060 1766 3121 65
1800 3062 2057 3116 Metuenn’s,
2090 3063 2201 3109 benc
2240 3064 2295 3110 de
2329 3078 2480 3109 avaro.
2499 3060 2556 3107 B.
2625 3060 2785 3107 Met·-

1631 3146 1702 3174 ens
1724 3130 1905 3186 reddere,
1935 3127 2122 3188 quinon
2145 3126 2258 3174 solet
2289 3129 2491 3187 reddere,
2518 3137 2650 3173 certe
2683 3141 2779 3172 non

1628 3194 1823 3249 solidum,
1853 3193 1908 3238 de
1930 3207 2039 3254 quo,
2067 3192 2106 3238 si
2128 3203 2229 3240 toto
2261 3192 2523 3239 defraudare
2556 3206 2650 3238 nou
2677 3206 2787 3252 pos-

1634 3268 1720 3314 set,
1751 3269 1869 3305 certe
1890 3272 2206 3319 quamcunque
2227 3257 2492 3319 particulam
2530 3255 2789 3302 abraderet.

1636 3322 1836 3369 Metuens
1859 3334 1912 3370 ut
1938 3321 2044 3369 Car.
2067 3334 2113 3372 2.
2129 3334 2176 3371 2.
2197 3334 2243 3381 7.
2275 3324 2340 3370 G.

1703 3386 1903 3441 Soldusu
1940 3401 2097 3443 assem,
2139 3387 2234 3434 sive
2253 3398 2406 3436 totum
2424 3386 2635 3435 debitum
2653 3403 2669 3433 ε
2709 3401 2790 3448 spe
2883 3419 2888 3428 .

1637 3468 1856 3500 novarum
1878 3452 2130 3500 tabularum
2151 3450 2456 3516 [testamenti]
2478 3450 2791 3516 prostituebet

1629 3517 1792 3567 filiam.

1693 3581 1756 3630 66
1793 3584 1950 3640 Gener,
1982 3583 2045 3630 sic
2066 3593 2113 3629 et
2134 3595 2267 3645 supra
2308 3584 2357 3632 S.
2388 3597 2428 3632 x.
2447 3596 2493 3633 2.
2514 3580 2599 3641 64.
2636 3582 2788 3630 rmi-

1627 3667 1676 3695 ω
1697 3651 1743 3695 ιίι
1766 3648 1932 3695 Fausta
1955 3646 2087 3695 Sullae
2134 3667 2246 3696 ener-

1689 3710 1754 3774 69
1791 3712 2041 3771 Plorare‚u'
2144 3729 2225 3760 res:
2245 3714 2309 3761 ita
2330 3711 2453 3758 enim
2472 3711 2647 3759 Greci.

1694 3778 1904 3841 Suisque5
1936 3778 2001 3825 nil
2035 3777 2159 3825 enim
2200 3779 2441 3840 reliquerat
2474 3774 2562 3838 ipsi
2595 3788 2784 3824 amate.

1694 3854 1758 3902 70
1789 3842 1913 3890 Illud
1929 3846 1992 3890 ad
2006 3844 2109 3900 ὄις,
2140 3843 2250 3891 Hoc
2278 3843 2478 3903 insuper.

1703 3908 1834 3955 Jahn
1859 3907 1936 3969 qui
1962 3908 2151 3954 fidenter
2172 3909 2250 3955 dat
2282 3907 2537 3955 consilium.

1695 3983 1756 4030 71
1794 3973 2018 4031 Libertus,
2047 3973 2341 4036 dispeusator.

1692 4038 1931 4102 Temperet,
1958 4041 2018 4085 ad
2037 4039 2276 4085 arbitrium
2299 4056 2421 4086 suun
2437 4046 2580 4114 regat.
2665 4037 2790 4086 Vet-

1627 4101 1780 4150 Schol.
1800 4103 1946 4167 Cruq.
2010 4102 2252 4167 Tanquam
2274 4103 2417 4151 fraeuo
2434 4101 2628 4150 scilicet.

1692 4179 1754 4226 72
1785 4167 1915 4215 Mire
1936 4171 2083 4223 socius,
2115 4170 2400 4232 subjecturus
2432 4170 2581 4215 vineit
2615 4178 2667 4216 et
2708 4187 2792 4216 eae-

1617 4242 1788 4296 pugnat
1803 4253 1820 4279 .·
1859 4248 1962 4280 nam
1982 4232 2093 4282 socii
2114 4247 2219 4282 suut
2241 4235 2291 4281 in
2313 4233 2445 4281 bello.

1689 4310 1749 4357 73
1791 4301 1980 4354 Vim-it,-
2016 4312 2213 4362 praemt.
2337 4333 2340 4336 ¹

1689 4375 1752 4422 74
1789 4365 1951 4430 Caput,
1980 4365 2130 4429 ipsum
2170 4381 2343 4425 senem,
2387 4366 2651 4415 Patrouum
2697 4366 2788 4414 sti·
