3000 4979
1148 322 1225 388 Q.
1275 306 1694 376 HORATII
1743 303 2083 375 FLACCI

731 487 856 554 Cui
886 487 1066 554 dabit
1092 500 1306 572 partes
1335 487 1540 552 scelus
1569 482 1872 571 expiandi

555 609 642 666 30
727 596 1026 685 Jupiter?
1070 597 1325 663 tandem
1356 596 1590 673 venitm,
1621 617 1979 681 precamur,

728 708 923 776 Nube
953 708 1296 774 candentes
1326 707 1627 785 humeros
1657 706 1943 783 amictus,

1075 818 1305 907 Augur
1332 812 1591 904 Apolloss

733 927 882 995 Sive
910 940 980 993 tu
1009 929 1226 1007 mavis„
1261 927 1541 1014 Erycina
1570 926 1809 1005 ridens»,

731 1037 946 1115 Quam
975 1037 1170 1104 Jocus
1208 1036 1639 1117 circumvolat,
1671 1050 1736 1102 et
1767 1035 2055 1122 Cupid03

558 1156 641 1213 35
735 1148 881 1214 Sive
910 1148 1271 1238 neglectum
1302 1170 1504 1237 genus
1533 1159 1597 1213 et
1624 1160 1889 1233 nepotes

1080 1259 1371 1345 Respicis
1400 1269 1606 1336 autor,

732 1368 887 1435 Heu
914 1369 1104 1434 nimis
1135 1367 1329 1457 longo
1358 1368 1582 1432 satiate
1611 1364 1801 1430 ludo:

734 1478 945 1555 Quem
965 1481 1149 1566 juvat
1176 1478 1436 1558 clamor,
1469 1478 1797 1567 guleaeque
1827 1476 2014 1554 leves,

730 1589 902 1654 Acer
930 1601 995 1654 et
1025 1588 1245 1654 Mauri
1273 1588 1507 1674 peditis
1536 1600 1870 1652 cruentum

555 1706 644 1763 40

468 1917 532 1970 ²9
567 1907 661 1956 Cui
681 1905 803 1954 dabit
823 1906 937 1970 parti
969 1923 1033 1957 sc.
1052 1907 1322 1971 expiandum
1339 1907 1454 1954 MS.
1477 1906 1648 1955 Berna-
1670 1910 1727 1955 C.

1351 1983 1414 2033 39
1449 1971 1602 2018 Marsi
1618 1977 1726 2038 conj.
1759 1970 1907 2019 faber
1925 1981 1966 2018 ee
1987 1968 2132 2017 Beatl.

1118 1971 1224 2023 Suae.

535 2155 598 2206 29
633 2141 768 2192 Scelus
780 2147 957 2209 expiare
974 2143 1049 2193 hic
1071 2161 1162 2193 non
1184 2158 1252 2195 est
1274 2144 1428 2208 punire
1447 2144 1589 2193 iuter-

470 2210 662 2256 fectores'
686 2210 902 2269 Caesari„
931 2210 1017 2258 boc
1028 2210 1135 2258 olim
1150 2212 1321 2260 factum
1334 2222 1449 2266 erat,
1462 2211 1591 2258 satis-

469 2290 558 2337 que
590 2286 872 2337 parentatum
898 2275 962 2321 illi
982 2276 1192 2336 sanguine
1213 2288 1282 2323 tot
1316 2275 1552 2323 hominum
1573 2295 1587 2323 z

467 2340 545 2385 sed
565 2354 752 2400 purgare
785 2356 810 2386 a
829 2339 1012 2396 scelere,
1030 2342 1084 2387 ab
1117 2340 1347 2404 impietate
1369 2340 1589 2387 bellorum

468 2403 687 2458 civilium,
708 2405 1047 2465 rempublicam,
1070 2418 1116 2452 et
1138 2422 1243 2468 pace
1260 2406 1433 2452 firmare
1456 2419 1591 2467 atque

469 2469 722 2517 eoncordia.
787 2469 904 2519 Haec
937 2485 1005 2518 res
1040 2486 1143 2519 cum
1180 2469 1388 2519 humanis
1424 2471 1593 2519 viribus

467 2535 611 2597 major
642 2534 862 2592 videatur,
882 2537 1068 2584 deorum
1101 2537 1235 2584 alicui
1260 2537 1488 2597 negotium
1523 2537 1591 2585 uti

467 2598 545 2645 det
566 2599 764 2662 Jupiter,
777 2612 934 2660 rogant
951 2601 1166 2656 Romani,
1181 2614 1233 2650 ut
1253 2601 1592 2663 Apollini,ora-

467 2662 672 2711 culorum
684 2665 885 2711 omniurn
896 2666 1030 2727 patri,
1039 2665 1360 2730 Sibyllinorum
1375 2666 1592 2714 librorum

467 2729 646 2786 autori3
675 2729 749 2775 vel
771 2731 884 2792 patri
900 2731 1041 2790 gentis
1063 2746 1171 2783 suae.
1187 2731 1367 2788 Marti3
1392 2731 1469 2779 'vel
1493 2734 1594 2778 Ge-

466 2793 626 2841 netrici
650 2795 840 2852 Veneri,
871 2796 997 2858 cujus
1029 2797 1259 2858 proprium
1281 2812 1394 2860 opus
1426 2809 1492 2842 est
1514 2813 1592 2860 pa-

466 2873 567 2904 care
593 2858 815 2914 homines,
834 2864 916 2908 arc.
981 2861 1193 2924 Denique
1226 2877 1280 2908 eo
1308 2860 1508 2918 devenit,
1539 2873 1593 2909 ut

467 2921 759 2970 Mercurium
772 2924 1033 2987 (cognatum
1049 2926 1267 2973 Romanis
1280 2941 1358 2989 per
1368 2927 1594 2989 Trojanos

466 3002 637 3035 numen
651 3005 662 3045 ;
680 2988 769 3036 suit
782 2990 902 3037 enim
918 2991 1207 3038 consobrinus
1216 2992 1356 3038 frater
1368 2990 1594 3038 Dardani.

466 3053 578 3100 vid.
592 3054 726 3114 Virg.
741 3055 855 3101 AEn.
869 3052 918 3113 8,
937 3069 1045 3117 134.
1059 3056 1175 3119 sqq.)
1192 3055 1450 3103 delitescere
1470 3056 1589 3103 dicat

463 3118 548 3166 sub
568 3118 709 3178 figura
734 3119 923 3167 caesaris
944 3123 1160 3182 Augusti.
1199 3121 1376 3181 Nempe
1401 3121 1588 3168 Mercu-

463 3183 558 3231 rius
591 3199 767 3247 semper
804 3186 998 3248 juvenis,
1033 3187 1338 3235 internuntius
1374 3185 1584 3234 Deorum

398 3307 401 3310 A
462 3247 811 3312 hominumque,
850 3251 1119 3313 pacificator,
1161 3250 1325 3299 artium
1381 3250 1586 3299 omniurn

462 3327 650 3374 praeses=
687 3330 789 3377 quae
810 3315 893 3363 hac
917 3319 1008 3379 ipsa
1037 3316 1218 3363 fictione
1240 3317 1295 3362 ad
1326 3317 1588 3375 Augustum

464 3379 604 3426 Poeta
627 3381 950 3426 accommodat.
1005 3381 1196 3428 Juvenes
1216 3382 1380 3427 Romae
1397 3381 1589 3442 quadra·

463 3445 665 3502 genarios
696 3449 833 3490 etiam
866 3443 971 3497 dici,
1005 3444 1278 3491 tralaticium
1317 3455 1402 3501 est,
1440 3461 1463 3490 a
1498 3459 1588 3506 qua

465 3519 598 3553 aetate
620 3508 764 3555 adhuc
803 3507 973 3570 aliquot
995 3510 1120 3556 annis
1161 3520 1260 3557 tum
1295 3509 1444 3556 aberat
1481 3511 1588 3556 Au·

463 3583 637 3631 gustus.
700 3575 763 3619 G.

529 3648 587 3695 31
625 3637 791 3685 Melius
814 3638 1020 3685 candenti
1045 3638 1179 3693 nube,
1194 3656 1324 3702 quan·
1347 3638 1587 3685 candentes

462 3698 705 3760 humeros3
754 3704 861 3750 Vet.
890 3703 1041 3750 Schol.
1090 3703 1163 3750 Sic
1183 3717 1230 3750 et
1261 3703 1514 3750 Lambinus
1540 3714 1586 3749 et

460 3763 733 3814 Torrentius
755 3767 801 3814 in
823 3768 995 3815 duobus
1019 3768 1163 3816 Codd.
1183 3768 1403 3829 legerunt.
1435 3768 1588 3814 Modo

463 3829 516 3876 H
550 3846 634 3893 pro
657 3832 867 3880 Consona
887 3846 969 3880 est.
1038 3833 1240 3881 Candidis
1259 3833 1432 3880 nubibus
1466 3832 1587 3879 vela·

460 3908 548 3951 tus,
566 3909 615 3942 ut
646 3899 721 3961 qui
742 3900 887 3944 viden·
910 3902 1045 3963 possit
1058 3920 1074 3953 ,-
1111 3916 1191 3946 non
1213 3900 1359 3945 amicti
1393 3900 1500 3944 enin
1524 3900 1587 3944 dii

459 3971 664 4024 nequeunt
706 3966 897 4026 conspici.
965 3965 1076 4010 Vct.
1119 3962 1270 4011 Schol.
1313 3963 1457 4025 Cruq.
1534 3963 1587 4009 B.

460 4025 590 4087 Quin
626 4026 755 4073 Nube
791 4031 940 4075 amicti
974 4029 1045 4075 Dl
1085 4029 1224 4075 videri
1264 4043 1352 4076 non
1523 4038 1587 4074 nt.

463 4090 698 4138 candentes
722 4095 907 4140 humeros
940 4095 1057 4140 nube
1091 4092 1279 4140 amictus
1302 4104 1368 4138 est
1400 4091 1589 4153 Apollo,

458 4169 515 4200 ne
550 4154 688 4217 possit
720 4155 877 4219 videri,
908 4169 960 4205 ut
991 4157 1176 4219 pulchre
1210 4157 1404 4205 ostendit
1436 4156 1586 4204 Bentl.

523 4297 588 4344 34
620 4286 864 4348 Augustus,
908 4288 953 4331 ω’
967 4305 1009 4334 se
1026 4286 1399 4352 Apollinisfilr‘um
1416 4286 1584 4333 volebat

459 4350 625 4397 videri.
687 4351 799 4397 Ver.
820 4351 876 4398 Sc
912 4351 970 4398 ol.
1033 4352 1134 4398 ltno
1165 4367 1212 4398 se
1248 4367 1329 4415 pro
1366 4350 1583 4413 Apolline

456 4413 695 4477 aliquando
727 4415 875 4475 gessit.
909 4416 1094 4465 Sueton-
1128 4416 1255 4464 Hinc
1276 4416 1581 4478 virgilianum

1076 1699 1309 1764 Vultus
1340 1699 1405 1763 in
1435 1699 1704 1763 hostem.

1856 1918 1914 1965 31
1953 1904 2178 1951 candenti
2208 1903 2270 1950 al.
2292 1899 2519 1950 candentis
2542 1902 2678 1951 Δία·
2696 1898 2786 1947 coll.

1653 2145 1764 2193 illud
1798 2143 1898 2192 Ecl.
1929 2159 1976 2202 4.
2010 2156 2086 2193 10.
2154 2142 2260 2189 Tuus
2278 2144 2381 2208 jan·
2418 2154 2583 2204 regnae
2614 2138 2783 2203 ApoHa

1655 2212 1750 2271 (vid
1777 2209 1922 2270 Serv.)
1971 2210 2082 2256 Erat
2118 2208 2254 2255 etiam
2279 2211 2514 2265 Augustus
2551 2202 2781 2252 divinandi

1653 2274 1982 2339 peritissimus;
2020 2275 2130 2321 adeo
2155 2287 2223 2328 ut,
2261 2285 2373 2319 teste
2407 2271 2569 2317 eodem
2612 2280 2784 2324 autore,

1652 2345 1834 2389 omniumr
1855 2341 2054 2388 bellorum
2073 2352 2243 2387 eventus
2262 2338 2543 2403 presentet-it.

1721 2420 1749 2467 3
1756 2419 1782 2465 3
1810 2407 1917 2454 Erat
1929 2404 2094 2451 Rornre
2110 2403 2331 2465 templum
2342 2400 2541 2447 Veneris
2554 2398 2784 2463 Erycina,

1655 2472 1791 2536 Juliae
1813 2470 1957 2531 gentis
1977 2469 2187 2532 parentis.
2252 2468 2314 2532 Τῇ
2334 2462 2368 2513 δ’
2392 2459 2522 2540 'Egon
2545 2464 2621 2527 hp
2638 2464 2653 2482 '
2736 2478 2778 2510 er

1658 2537 1737 2583 καὶ
1773 2537 1912 2601 ἵμερος
1942 2533 2101 2584 ica-nn
2136 2531 2290 2584 καλὸς.
2370 2531 2565 2578 Hesnod.
2701 2542 2779 2575 ane

1656 2601 1792 2650 etiarn
1816 2602 1906 2649 Od-
1931 2613 2006 2649 12.
2025 2598 2132 2647 dicit
2154 2599 2322 2645 Julius-
2345 2594 2480 2643 Sidus.

1722 2679 1782 2727 35
1817 2666 1965 2713 Divus
1986 2665 2135 2728 Julius
2157 2662 2294 2709 etiam
2319 2659 2490 2707 Martis
2508 2674 2653 2721 nepos
2673 2654 2780 2704 dici-
2862 2651 2868 2660 '

1658 2742 1734 2778 tur
1767 2732 1823 2778 ob
1856 2745 2054 2778 amorem
2087 2728 2251 2775 Martis
2284 2739 2332 2773 et
2354 2724 2568 2780 Veneris,
2600 2724 2669 2770 uti
2698 2737 2777 2780 ego

1657 2797 1817 2844 sentio.
1882 2795 2030 2844 Etiam
2049 2794 2152 2840 Ode
2166 2803 2288 2838 sexta
2305 2793 2571 2849 Augustum
2591 2786 2780 2849 appellat

1655 2860 1872 2908 Martem.
1954 2859 2104 2906 Credo
2134 2859 2358 2922 neglectum
2389 2869 2529 2915 genus
2568 2854 2664 2915 jam
2696 2850 2778 2897 dici

1654 2941 1732 2989 per
1758 2924 2138 2974 Charientismum
2162 2938 2243 2985 pro
2264 2929 2553 2983 contemptun.
2588 2919 2643 2965 B.
2686 2918 2778 2963 imo

1656 2990 1922 3051 intelligitur
1939 2989 2074 3036 Mars
2095 2987 2204 3052 ipse.
2219 3000 2375 3035 auctor
2385 2983 2530 3045 gentis
2542 2983 2779 3030 Romane.

1656 3057 1719 3103 Z.

1734 3131 1796 3181 37
1851 3120 1980 3166 Dant
2027 3119 2134 3167 alios
2184 3118 2329 3163 Furiae
2371 3128 2496 3163 torvo
2542 3110 2777 3176 spectacula

1652 3184 1826 3233 Marti·
1858 3184 1949 3232 O‘d.
1969 3182 2047 3233 28.
2082 3183 2222 3237 Nam,
2240 3193 2292 3229 ut
2314 3196 2418 3228 cum
2441 3179 2615 3226 Vetere
2631 3173 2777 3223 Schol-

1652 3250 1840 3313 loquar;
1872 3249 1995 3315 hujus
2015 3250 2135 3295 ludu.-
2155 3250 2200 3292 r‘n
2214 3248 2382 3310 preliis
2403 3255 2481 3292 ese.
2543 3253 2554 3258 “

1718 3327 1779 3377 39
1836 3316 1972 3372 Acer,
2011 3315 2215 3374 Figurate
2258 3325 2342 3374 pro
2370 3311 2527 3375 ferox,
2563 3322 2657 3355 non
2698 3318 2775 3367 pro

1651 3377 1733 3430 dv)
1758 3379 1863 3437 αἱς,
1892 3392 1943 3426 ut
1965 3378 2230 3426 Lambinus.
2297 3377 2462 3423 Mam·
2491 3388 2573 3435 pro
2614 3371 2776 3443 Mau-n

1652 3446 1776 3491 nula
1805 3459 1910 3492 cum
1950 3444 2189 3491 autoritate
2213 3458 2235 3487 a
2272 3440 2530 3488 doctissimo
2571 3434 2774 3484 Bentleto

1682 3510 1850 3556 onitur.
1916 3509 2141 3556 Credibile
2162 3507 2272 3553 mihi
2297 3506 2476 3552 videtur
2489 3504 2776 3572 Maurorum,

1649 3525 1844 3621 {arbane
1880 3575 2024 3635 gentis
2045 3588 2208 3619 nomen
2231 3571 2368 3619 fixisse
2401 3568 2622 3615 Romanis
2645 3576 2774 3636 tem·-

1649 3638 1784 3686 bilius
1803 3654 1935 3702 quam
1955 3639 2232 3688 Marsorum,
2253 3635 2387 3682 vicini
2411 3646 2456 3681 et
2478 3632 2588 3680 socii
2610 3627 2773 3693 popull-

1652 3705 1780 3766 Quin
1825 3705 1973 3766 potius
2009 3703 2259 3749 nominaret
2312 3712 2543 3746 externam
2578 3706 2772 3766 gentem!

1651 3784 1788 3831 quam
1805 3768 1946 3816 Italici
1961 3768 2132 3826 generis
2150 3767 2194 3813 in
2213 3766 2290 3815 tali
2306 3764 2509 3811 materia.
2531 3763 2585 3809 Β.
2616 3752 2769 3806 Mam

1645 3836 1802 3897 peditis
1828 3834 2015 3889 mentio,
2044 3844 2208 3895 praeter
2229 3847 2300 3887 ea,
2319 3844 2422 3893 quae
2446 3826 2680 3874 Bentleius
2699 3837 2771 3898 ,⁹⁶⁹

1649 3899 1818 3945 rissime
1863 3898 2123 3960 disputavit,
2163 3897 2299 3943 etiam
2341 3911 2396 3942 eo
2432 3894 2550 3943 forte
2592 3900 2770 3937 nomine

1648 3964 1917 4025 praeferenda
1951 3964 2069 4024 quod
2093 3963 2138 4008 in
2172 3960 2385 4024 proximis
2404 3959 2530 4006 bellis
2569 3953 2769 4004 civilibus

1648 4027 1861 4090 frequens
1881 4027 2000 4075 illius
2025 4043 2131 4074 usus
2163 4037 2209 4073 et
2232 4024 2403 4072 mentio
2432 4023 2597 4070 suerat.
2662 4017 2768 4090 Non

1649 4093 1774 4139 valde
1799 4108 1870 4141 me
1903 4092 2113 4139 movebat
2134 4091 2413 4156 johnsonus,
2431 4089 2509 4152 qui
2545 4095 2673 4144 negat
2695 4082 2765 4156 hic

1647 4157 1857 4204 virtutem
1885 4159 2056 4204 Mem-i
2071 4157 2233 4222 peditis
2255 4154 2498 4215 pra-dicari.
2541 4152 2629 4198 Sed
2643 4146 2768 4221 dubl·

1648 4224 1863 4269 tationem
1880 4221 2020 4284 injicit
2038 4222 2185 4268 denuo
2203 4219 2389 4268 Christii
2406 4220 2471 4264 V.
2486 4218 2542 4264 C.
2557 4215 2767 4266 defensio,

1647 4287 1724 4349 qui
1767 4287 1984 4334 Maurum
2017 4302 2135 4348 equo
2173 4285 2398 4347 dejectum
2431 4284 2653 4347 desperate
2685 4290 2766 4342 pur

1646 4365 1858 4414 guantem
1880 4352 2001 4416 pingi
2021 4351 2274 4400 arbitratur.
2308 4353 2371 4398 G.
