3000 4979
407 304 538 363 314

1110 300 1197 377 Q.
1246 298 1669 365 HORATII
1720 300 2067 373 FLACCI

669 472 808 538 Aut
836 472 1118 559 positum
1151 485 1301 540 ante
1329 496 1476 541 mea
1506 475 1655 562 quia
1683 478 1933 563 pullum
1967 480 2030 543 in
2065 492 2249 566 parte
2281 488 2479 554 catini

672 583 945 648 Sustulit
974 586 1276 663 esuriens,
1309 588 1524 653 minus
1555 588 1679 653 boc
1699 590 2027 674 jucundus
2058 594 2302 660 amicus

667 696 770 761 Sit
796 695 1010 762 mihi?
1057 696 1235 773 Quid
1267 698 1520 777 faciam,
1554 701 1607 765 si
1636 700 1879 765 furtum
1908 700 2177 766 fecerit?
2223 717 2333 769 aut
2363 709 2415 771 si

498 815 583 879 95
681 806 1052 871 Prodiderit
1082 808 1419 872 commissa
1448 807 1629 874 fide?
1673 832 2055 895 sponsumve
2085 816 2337 900 negarit
2356 814 2388 879 ?

673 915 874 989 Queis
905 916 1085 1001 paria
1114 940 1247 981 esse
1274 917 1407 982 fere
1437 917 1679 1003 placuit
1710 931 1990 1004 peccata,
2024 920 2342 1002 laborant,

670 1025 840 1091 Cum
884 1040 1144 1091 ventum
1176 1027 1259 1092 ad
1304 1050 1527 1092 verum
1557 1042 1687 1093 est:
1736 1052 1959 1095 sensus
1992 1053 2327 1120 moresque
2357 1055 2754 1128 repugnant,

674 1137 891 1223 Atque
917 1137 1061 1223 ipsa
1089 1137 1353 1216 utilitas,
1377 1140 1535 1225 justi
1567 1162 1772 1225 prope
1801 1156 2006 1205 mater
2036 1155 2100 1206 et
2131 1145 2324 1230 oequi.

676 1247 841 1312 Cum
874 1263 1331 1334 prorepserunt
1357 1250 1585 1335 primis
1615 1250 1919 1316 animalia
1949 1252 2161 1329 terris,

462 1366 586 1423 100
676 1355 941 1423 Mutum
974 1371 1040 1423 et
1068 1372 1257 1445 turpe
1286 1383 1510 1445 pecus,
1543 1362 1849 1449 glandem
1879 1375 2072 1450 atque
2104 1361 2343 1427 cubilia
2375 1378 2639 1450 propter

677 1468 1025 1556 Unguibus
1056 1481 1122 1533 et
1147 1471 1401 1557 pugniS,
1434 1470 1583 1534 dein
1611 1471 1906 1548 fustibuS,
1939 1490 2131 1558 atque
2161 1472 2251 1536 ita
2281 1494 2477 1558 porro

671 1579 1062 1667 Pugnabant
1093 1580 1309 1657 armis,
1344 1603 1489 1666 quae
1517 1593 1664 1665 post
1693 1580 2117 1646 fabricaverat
2148 1604 2332 1658 usus;

665 1688 903 1754 Donec
934 1690 1149 1768 verba,
1184 1690 1416 1776 quibus
1447 1714 1636 1756 voces
1667 1714 2012 1778 sensusque
2043 1705 2362 1770 notarent,

672 1798 1083 1885 Nominaque
1112 1800 1446 1865 invenere:
1496 1799 1730 1864 dehinc
1762 1801 2068 1866 absistere
2098 1801 2291 1879 bello,

465 1919 583 1977 105
679 1908 943 1995 Oppida
975 1923 1315 1994 coeperunt
1344 1910 1619 1989 munire,
1652 1924 1717 1975 et
1743 1933 1987 1995 ponere
2015 1911 2207 2000 leges,

672 2018 778 2085 Ne
805 2020 948 2105 quis
977 2018 1082 2084 fur
1113 2034 1295 2098 esset,
1329 2043 1456 2086 neu
1487 2021 1674 2101 latr0,
1701 2044 1828 2087 neu
1861 2023 2003 2108 quis
2037 2023 2313 2087 adulter.

675 2129 846 2195 Nam
875 2130 998 2194 suit
1029 2144 1177 2194 ante
1212 2130 1538 2195 Helenam
1571 2154 1822 2196 cunnus
1853 2134 2179 2199 teterrima
2212 2132 2362 2198 belli

674 2241 924 2305 Causa:
972 2238 1082 2303 sed
1116 2240 1355 2328 ignotis
1386 2241 1718 2325 perierunt
1749 2241 2064 2306 mortibus
2094 2241 2208 2320 illi,

674 2350 860 2427 Quos
891 2348 1213 2441 Venerem
1244 2349 1555 2414 incertam
1589 2351 1906 2436 rapientes
1936 2374 2117 2416 more
2150 2351 2429 2416 ferarum

458 2468 583 2529 110
670 2460 938 2527 Viribus
967 2460 1198 2526 editior
1225 2460 1535 2540 caedebat,
1564 2475 1635 2527 ut
1664 2462 1731 2526 in
1755 2485 1955 2552 grege
1984 2475 2229 2529 taurus.

670 2570 714 2640 J
718 2593 833 2636 ura
860 2573 1120 2637 inventa
1148 2586 1325 2638 metu
1354 2574 1573 2662 injusti
1604 2573 1843 2639 fateare
1881 2597 2136 2640 necesse
2167 2587 2282 2655 est,

411 2760 574 2810 Tritum
596 2761 722 2825 quasi
745 2762 958 2829 πρωτῖι.
1012 2764 1169 2813 Potuit
1192 2765 1329 2812 etiam
1351 2763 1547 2826 Dilogu5

405 2827 543 2875 etiam
565 2828 620 2874 ad
651 2830 822 2877 vetusti
844 2829 1041 2876 Evandri
1069 2842 1275 2893 tempora
1293 2830 1547 2893 respexisse.

406 2892 462 2939 B.
528 2892 711 2940 Servius
748 2893 859 2941 illud
907 2895 1077 2954 Georg.
1120 2907 1167 2942 2.
1207 2909 1320 2952 444.
1381 2896 1547 2943 Rodios

402 2961 565 3006 trivere
587 2961 693 3005 rotis
716 2958 905 3021 explicat
926 2968 1225 3007 tornaverunt.
1291 2961 1355 3007 G.

470 3035 536 3084 92
574 3021 708 3070 Siculi
746 3026 891 3071 dieunt
929 3027 1116 3072 catinum
1160 3026 1231 3072 ubi
1274 3041 1375 3072 assa
1413 3034 1547 3088 pone·

402 3087 522 3134 bant·
585 3089 736 3136 Varro
772 3089 976 3136 πίτυνον.

400 3165 497 3200 tem
537 3151 585 3200 in
619 3157 805 3217 positum
845 3164 978 3201 ante.-
1034 3167 1102 3203 est
1139 3154 1262 3202 enim
1301 3171 1381 3218 pro
1420 3170 1545 3202 aare·

474 3221 594 3265 itum.

391 3230 529 3345 ΡΜ95
576 3284 687 3331 Fide
725 3285 914 3348 antiqua
936 3284 1256 3334 Declinatione
1297 3301 1380 3349 pro
1409 3286 1540 3347 fidei.

406 3348 748 3414 Con-tissafide
770 3365 931 3397 arcana
954 3351 1080 3397 dicit.

470 3412 672 3478 Sponsam
710 3426 993 3462 contractum
1028 3426 1074 3462 et
1106 3413 1423 3475 obligationem
1465 3430 1543 3463 su-

397 3492 491 3526 am·

465 3542 530 3605 96
564 3546 672 3597 Non
684 3547 788 3601 sere
798 3545 992 3610 placuit,
1006 3545 1192 3609 sedfere
1212 3544 1422 3595 laborant.
1463 3546 1539 3592 In-

397 3618 620 3670 terpretes
642 3610 754 3658 mire
776 3627 822 3662 se
845 3621 1080 3674 torquent,
1099 3609 1222 3672 quod
1244 3625 1337 3656 non
1356 3610 1539 3657 videant

396 3671 719 3736 Hyperbaton.

458 3738 710 3796 Laborat,
764 3740 927 3802 quibus
984 3739 1030 3786 in
1088 3739 1358 3802 disputando
1416 3755 1533 3802 aqua

390 3801 556 3850 haeret.

459 3878 521 3929 97
560 3869 720 3917 Verum
750 3866 860 3918 dicit
883 3870 1024 3932 ipsam
1051 3886 1164 3927 rem,
1183 3868 1293 3925 sive,
1312 3879 1365 3915 ut
1397 3868 1535 3930 vulgo

391 3931 604 4000 dicimus,
621 3935 789 3981 nudam
812 3936 1065 3992 veritatem,
1083 3951 1162 3983 seu
1186 3933 1432 3996 simplicem
1455 3933 1538 3981 na-'

393 4007 561 4043 turam.

456 4060 605 4110 Sensus
637 4081 867 4127 moresque,
901 4064 950 4112 h.
985 4081 1024 4113 e.
1065 4076 1111 4112 et
1143 4064 1397 4113 communis
1429 4080 1533 4110 sen·

386 4141 461 4180 sus
484 4138 532 4174 et
567 4128 701 4190 patrii
735 4144 901 4187 mores,
925 4131 1088 4192 quibus
1123 4131 1388 4176 Paradoxon
1412 4129 1532 4176 istud

381 4194 667 4302 ¹cont-ratium
702 4208 794 4241 csse
828 4195 1077 4256 significat3
1109 4195 1205 4243 imo
1238 4207 1285 4242 et
1317 4194 1402 4256 ipsi
1439 4193 1533 4241 uti-

403 4268 518 4304 itan.

450 4319 514 4385 98
566 4324 783 4387 Ingeniosa
825 4326 893 4373 at't
935 4327 1105 4390 justum
1162 4337 1205 4370 et
1259 4341 1427 4388 aequum
1480 4342 1534 4370 ex

384 4387 578 4440 utilitate
613 4392 865 4438 descendere.
943 4392 1067 4438 Inter
1089 4392 1262 4454 justum
1296 4403 1336 4438 et
1372 4407 1535 4453 equum

1043 3090 1332 3152 Anastropbe
1359 3103 1432 3136 est
1466 3107 1550 3137 au-

1613 2767 1699 2813 haec
1725 2767 1975 2830 dffrente'a
2017 2775 2079 2812 est
2094 2785 2111 2813 .·
2132 2767 2301 2829 justum
2334 2771 2398 2810 est
2432 2761 2548 2826 quod
2577 2778 2631 2807 ex
2669 2761 2752 2825 Iege

1611 2834 1822 2878 descendit
1838 2853 1854 2885 ,-
1924 2849 2085 2895 aequmn
2129 2847 2248 2886 vero,
2305 2831 2415 2892 quod
2471 2846 2526 2875 ex
2579 2836 2751 2872 natura.

1613 2897 1723 2943 Vct.
1768 2896 1920 2943 Schol.
2005 2895 2282 2956 Epicureum
2326 2895 2488 2952 dogma
2524 2890 2746 2953 jutitiam

1611 2971 1764 3008 natam
1788 2976 1881 3008 esse
1903 2975 1958 3007 ex
1993 2959 2208 3015 utilitate,
2225 2959 2346 3022 quod
2369 2957 2602 3005 Stoicorum
2627 2969 2752 3020 pre·

1611 3029 1743 3090 ceptis
1781 3034 2009 3091 repugnat.
2074 3025 2196 3072 Bene
2234 3036 2383 3071 autem
2407 3023 2571 3085 adjecit
2607 3032 2754 3085 prope,

1614 3090 1827 3152 quoniam
1881 3093 1936 3137 de
1981 3107 2101 3154 aequo
2156 3090 2297 3148 magis
2338 3088 2554 3149 disputari
2599 3085 2753 3148 possit,

1609 3171 1746 3217 quam
1770 3156 1825 3201 de
1852 3156 1991 3217 justo.
2058 3155 2113 3202 Β.
2177 3153 2484 3213 Intelligamus
2507 3151 2749 3199 utilitatem

1608 3235 1899 3268 communem
1942 3220 2115 3280 generis
2151 3217 2358 3276 humani,
2394 3233 2486 3264 non
2532 3215 2748 3278 privatam

1607 3285 1900 3346 singulorum,
1931 3297 1978 3332 et
2020 3286 2107 3332 erit
2139 3285 2318 3343 dogma,
2354 3283 2428 3330 cui
2467 3298 2552 3329 nec
2586 3281 2754 3337 stoica,

1608 3366 1755 3412 neque
1771 3362 1885 3413 puto
1906 3349 1989 3397 alia
2013 3349 2290 3412 philosophia
2310 3346 2591 3410 repugnabit.
2624 3348 2687 3393 G.

1673 3428 1736 3478 99
1785 3416 1892 3462 Cum
1929 3425 2267 3479 prorepseruntg
2322 3414 2529 3460 imitatur
2573 3413 2752 3459 Lucre-

1607 3481 1724 3528 tium
1747 3480 1892 3527 Libro
1913 3479 2095 3541 quinto,
2116 3494 2252 3541 quem
2275 3477 2408 3535 vide3
2444 3490 2489 3524 et
2514 3478 2750 3525 ostendere

1604 3557 1794 3594 conatur
1826 3560 1916 3592 non
1943 3545 2082 3604 magis
2107 3543 2329 3608 justitiam
2365 3559 2459 3591 esse
2478 3542 2752 3597 naturalem,

1604 3625 1740 3673 quam
1762 3610 1986 3672 reliquum
2008 3610 2116 3656 vitae
2138 3609 2331 3656 cultum.

1670 3687 1765 3724 102
1803 3675 1936 3731 Usus,
1956 3674 2243 3737 experientia.

1666 3753 1759 3800 103
1795 3739 1947 3787 Etiam
1966 3738 2234 3786 Aristoteles
2251 3740 2361 3786 duas
2377 3738 2487 3785 facit
2511 3736 2748 3785 Orationis

1596 3818 1764 3869 partes,
1784 3806 1939 3852 Verba
1962 3804 2132 3852 scilicet
2155 3816 2288 3866 atque
2315 3804 2533 3850 Nomina.

1668 3871 1800 3917 Voces
1821 3883 1868 3918 et
1887 3888 2047 3928 seusus,
2067 3881 2227 3917 notant
2249 3868 2427 3931 scripta.
2474 3868 2588 3928 Agit
2609 3866 2750 3928 igitur

1604 3935 1658 3981 de
1681 3934 1835 3982 literis.

1671 4011 1761 4060 107
1806 4000 2063 4058 Teterrima,
2100 3998 2383 4047 acerbissima
2427 4013 2506 4045 seu
2553 3998 2753 4062 asperri-

1598 4081 1686 4111 ma.
1753 4065 1808 4112 B.

1665 4127 1758 4178 108
1790 4131 1958 4195 Igmm's
1992 4130 2214 4185 mortibus,
2245 4127 2350 4189 quia
2390 4143 2481 4178 non
2518 4126 2607 4174 fuit
2640 4126 2753 4173 Ho-

1597 4209 1766 4251 merus,
1782 4197 1861 4257 qui
1884 4196 2082 4243 carmine
2103 4195 2204 4242 illas
2226 4193 2482 4240 celebraret.
2553 4193 2617 4241 Z.

1665 4272 1759 4321 109
1793 4261 2030 4319 Incertam,
2050 4261 2098 4307 h.
2121 4277 2163 4306 e.
2182 4274 2356 4318 vagam.

1665 4338 1760 4372 110
1796 4326 1975 4374 Editior
2010 4325 2183 4376 comice
2204 4324 2516 4389 posuit,qu0d
2548 4338 2643 4371 non
2663 4336 2747 4384 po·

1600 4389 1692 4439 tuit
1711 4393 1920 4456 superior.
