3000 4979
1047 278 1105 341 E
1117 276 1450 344 PODnN
1499 275 1585 339 Ll
1600 274 1805 339 BER.
2465 264 2603 338 n259

1182 577 1443 658 ODF,
1508 578 1664 657 XI.

1105 798 1219 843 AD
1280 798 1741 846 PEc‘rluM.

232 950 398 1015 Apud
430 945 766 995 contubernalem
811 962 935 992 suum
989 943 1176 990 Pettium
1215 944 1434 991 liberrime
1463 951 1648 1007 querito·
1678 964 1721 991 se
1756 947 1913 991 ausoris
1945 946 2105 1008 laqueis
2133 942 2337 1009 perpetuo
2376 946 2595 990 irretitum

1030 1009 1287 1055 carminibus
1309 1011 1533 1056 scribendis
1553 1030 1631 1057 non
1652 1028 1826 1058 vacare.

239 1161 467 1209 Merra·
509 1160 655 1221 primo
697 1176 829 1203 versu
873 1155 1111 1202 iambicum
1150 1154 1440 1212 Tri-utrum
1478 1156 1657 1203 secundo
1691 1157 2032 1217 Elegia-hicum
2066 1158 2320 1221 Epodicunh
2360 1154 2475 1220 quod
2503 1171 2599 1201 coa·

315 1235 417 1271 sear
442 1224 772 1270 Penthea-imeri
796 1220 1025 1285 Dactylica
1056 1230 1097 1267 ee
1135 1221 1334 1268 Dimetro
1359 1222 1563 1269 Ias-bico.
1608 1222 1664 1268 B.
1731 1222 1977 1284 (Tricolon
2016 1222 2190 1270 faciunt
2228 1221 2347 1269 hanc
2385 1220 2520 1267 Odon
2552 1229 2600 1264 et

319 1289 463 1336 xm.
483 1287 755 1342 Lambinus,
783 1299 830 1333 et
853 1286 921 1332 H.
943 1284 1217 1347 Stephanus,
1251 1286 1327 1348 qui
1361 1302 1408 1332 se
1442 1299 1646 1334 veterum
1676 1286 1894 1334 librorum
1930 1286 2197 1334 auctoritate
2229 1287 2421 1342 fretum,
2447 1298 2599 1330 aasen-

320 1353 544 1401 tientibus
565 1353 701 1399 etiam
720 1352 1009 1414 quisbusdam
1036 1351 1251 1397 Lambini
1273 1351 1622 1414 exemplaribus,
1640 1350 1727 1399 hoc
1749 1352 1810 1398 ita
1830 1352 1896 1399 ait
1929 1352 2192 1411 instituisse,
2223 1351 2432 1399 Diatribe
2452 1350 2598 1412 prima

321 1435 370 1482 p.
393 1430 474 1479 37.
495 1433 560 1480 sq.
626 1416 820 1477 Sequuti
844 1427 949 1462 sunt
971 1417 1189 1462 Turrem.
1223 1413 1364 1463 1608.
1429 1416 1707 1478 Rapheleng.
1742 1414 1881 1465 1612.
1946 1417 2157 1477 Rutgers.
2189 1416 2422 1477 apud'Ro.
2444 1412 2601 1475 Steph.

324 1480 468 1543 1613.
501 1483 624 1530 Dan.
661 1481 825 1528 Heius.
848 1479 989 1542 1619.
1030 1481 1191 1534 Faber,
1221 1479 1380 1527 Burni.
1421 1480 1585 1528 Maitt.
1616 1482 1800 1528 Talbot.
1834 1482 2012 1528 Francis
2044 1482 2161 1529 circa
2193 1481 2331 1528 xm.
2361 1496 2453 1529 non
2483 1474 2599 1526 item

321 1550 445 1595 circa
469 1548 601 1595 banc.
670 1547 732 1593 Et
754 1562 858 1593 sane
879 1545 1242 1592 commodissima
1264 1557 1331 1592 est
1353 1545 1531 1603 divisio,
1561 1559 1607 1593 et
1629 1557 1776 1608 potest
1797 1561 1924 1608 pene
1956 1545 2096 1593 videri
2130 1546 2394 1602 necessaria,
2422 1544 2602 1607 quoties

326 1611 713 1660 penthemimeris
736 1610 806 1657 vel
827 1609 1001 1657 hiatum
1025 1609 1178 1665 efficit,
1209 1621 1262 1656 ut
1282 1626 1327 1655 v.
1356 1623 1418 1667 14
1438 1622 1484 1657 et
1509 1622 1590 1669 24,
1618 1611 1692 1657 vel
1713 1610 1761 1658 in'
1782 1611 1997 1676 syllabam
2020 1610 2197 1658 brevem
2219 1611 2332 1667 exit,
2360 1622 2412 1658 ut
2435 1626 2478 1656 ν.
2500 1608 2531 1654 6
2554 1620 2603 1655 et

328 1690 398 1725 ιο
419 1690 466 1724 et
491 1675 568 1725 26.
588 1676 640 1722 it.
662 1675 753 1723 Od.
777 1688 856 1734 13,
890 1688 952 1722 10
973 1687 1020 1723 et
1046 1689 1124 1732 14.
1187 1675 1274 1721 Sed
1297 1676 1457 1722 acriter
1478 1686 1645 1737 pugnat
1668 1692 1750 1738 pro
1770 1676 1919 1724 dicolo
1945 1676 2191 1733 Bentleius,
2219 1689 2267 1723 et
2287 1675 2422 1722 habet
2444 1685 2605 1721 aucto-

321 1760 400 1790 res
417 1741 790 1804 Hephaestionem
809 1754 854 1787 et
870 1739 1217 1786 Terentianum.
1251 1738 1334 1801 G.)
1386 1736 1439 1802 [1-
1455 1740 1831 1801 Hephaestionem
1854 1753 1901 1787 et
1922 1740 2253 1789 Terentianum
2270 1741 2330 1788 ita
2349 1739 2483 1787 habet
2495 1754 2603 1786 auc·

321 1822 471 1863 tores,
488 1820 539 1854 ut
561 1818 607 1853 et
628 1805 779 1866 plures
799 1817 845 1853 et
866 1805 1088 1865 graviores
1109 1804 1330 1851 attulerit.
1376 1804 1499 1853 Nam
1524 1820 1629 1852 cum
1652 1805 1721 1852 his
1746 1809 1925 1863 Acron,
1943 1805 2210 1862 Diomedes,
2231 1805 2416 1853 Marius
2434 1805 2604 1853 Victo·

321 1874 477 1929 rinus,
497 1871 690 1918 Attilius
711 1870 1063 1919 Fortunatianus
1084 1871 1388 1917 consentiunt.
1431 1871 1647 1917 Summus
1668 1885 1776 1918 vero
1796 1884 1956 1918 auctor
1970 1871 2279 1919 Archilochus
2298 1882 2386 1928 est,
2399 1871 2454 1918 ad
2474 1871 2603 1932 cujus

321 1937 591 2000 exemplum
613 1935 736 1983 hunc
758 1950 937 1981 versum
959 1935 1088 1981 finxit
1115 1934 1357 1981 Horatius.
1399 1935 1468 1981 Ita
1491 1934 1566 1981 ille
1588 1937 1706 1997 apud
1727 1935 2121 1998 Hephaestionem.

830 2002 967 2047 ἀλλά
985 2002 1035 2060 μ’
1058 2000 1078 2045 ὅ
1101 2000 1364 2060 λυσιμελής,
1393 1999 1431 2046 ὅ
1450 1999 1607 2066 ’τιιςῃ
1635 1997 1863 2060 upum-⁸1
1885 1999 2024 2053 riht.

321 2071 489 2129 Atque
509 2066 607 2113 haec
629 2065 723 2127 ipsa
745 2076 812 2112 est
831 2081 1047 2112 versuum
1069 2075 1433 2127 asynartetorum
1452 2078 1631 2122 natura,
1645 2079 1697 2113 ut
1714 2078 1921 2114 constent
1936 2082 1960 2112 e
1977 2067 2160 2115 diversis
2171 2066 2387 2120 versibus,
2403 2076 2600 2128 quorum

331 2131 521 2192 singuli,
559 2131 590 2177 i.
624 2147 666 2177 e.
698 2129 886 2189 singula!
919 2142 1280 2194 asynartetorum
1313 2142 1477 2192 partes,
1509 2132 1695 2177 eandem
1719 2131 1893 2179 ultimae
1914 2131 2097 2195 syllaba
2129 2131 2324 2179 habeant
2356 2131 2608 2186 licentiam,

333 2212 443 2260 quae
464 2209 530 2243 est
551 2196 598 2242 in
620 2196 709 2242 fine
730 2195 936 2242 omnium
961 2210 1184 2242 versuum.
1249 2195 1402 2257 Quare
1425 2211 1571 2257 neque
1594 2196 1745 2243 hiatus
1764 2195 1811 2243 in
1834 2212 1887 2243 ea
1908 2196 2076 2261 syllaba
2098 2208 2295 2251 curatur,
2325 2207 2373 2243 et
2396 2210 2607 2243 mensura

329 2278 498 2324 anceps
535 2272 619 2308 est.
683 2260 915 2308 Caeterum
944 2261 1162 2317 membra,
1218 2275 1242 2305 e
1276 2260 1442 2322 quibus
1471 2260 1547 2307 hic
1581 2274 1734 2308 versus
1767 2262 2045 2322 compositus
2073 2274 2161 2320 est,
2192 2262 2419 2309 contrario
2450 2260 2608 2307 ordine

322 2328 488 2392 junxit
510 2326 733 2373 Horatius
755 2325 802 2371 in
825 2327 955 2386 epod.
968 2326 1109 2373 Xlll.
1126 2336 1180 2373 ut
1198 2324 1392 2372 Attilius
1412 2326 1764 2374 Fortunatianus
1778 2342 1824 2390 p.
1839 2325 1984 2384 2684.
2003 2338 2147 2390 putat,
2167 2338 2323 2374 contra
2341 2324 2611 2373 Archilochi

328 2390 596 2454 exemplum
616 2406 630 2447 3
662 2403 715 2437 ut
737 2390 988 2446 Bentleius,
1016 2390 1262 2450 graviorem
1285 2390 1425 2452 ipsius
1447 2390 1636 2437 Horatii
1658 2391 1975 2439 auctoritatem
1997 2404 2215 2455 sequutus
2236 2394 2283 2439 in
2306 2392 2454 2453 Epist.
2475 2391 2509 2437 1.
2535 2403 2614 2451 19.

326 2468 548 2517 23—27.
578 2457 635 2504 ad
667 2454 924 2519 exemplum
949 2454 1226 2504 Archilochi.
1281 2458 1354 2505 Ac
1381 2470 1560 2503 versum
1592 2457 1714 2505 hunc
1738 2457 2082 2508 Archilochium
2107 2469 2272 2506 vocant
2293 2457 2541 2507 Diomedes
2567 2473 2611 2519 p.

325 2536 448 2584 515.
468 2535 514 2569 et
537 2521 797 2569 scholiastes
818 2521 1083 2569 Blandinius
1103 2522 1159 2567 de
1182 2522 1339 2569 metris
1372 2537 1445 2584 ap.
1465 2523 1740 2584 Cruquium.
1771 2524 1897 2586 Quin
1921 2536 1968 2571 et
1991 2525 2080 2571 xl.
2100 2536 2148 2571 et
2171 2525 2310 2570 xm.
2339 2538 2521 2571 carmen
2552 2537 2611 2570 ne

323 2588 670 2637 numerandum
691 2587 874 2649 quidem
896 2588 943 2633 in
966 2586 1121 2650 epodis
1142 2597 1276 2645 esset,
1308 2587 1345 2634 si
1367 2587 1508 2635 ternis
1530 2586 1729 2635 versibus
1750 2588 1949 2650 stropha
1969 2586 2340 2653 complerentur.]

541 2717 774 2795 Pam-1,
823 2714 985 2780 nihil
1016 2738 1138 2793 me,
1187 2715 1351 2780 sicut
1380 2728 1587 2794 antea,
1624 2718 1808 2802 juvat

629 2827 926 2893 Scribere
958 2824 1297 2890 versiculos
1327 2847 1546 2891 amore
1576 2827 1943 2911 perculsum
1980 2830 2157 2917 gravi
2170 2853 2195 2905 ,;

540 2939 805 3014 Amore,
852 2937 963 3024 qui
995 2959 1097 3001 me
1128 2949 1364 3021 praeter
1394 2958 1619 3001 omnes
1651 2917 1895 3023 expetit

626 3046 937 3111 Mollibus
970 3048 1032 3110 in
1067 3047 1280 3132 pueris
1308 3059 1420 3112 aut
1449 3047 1518 3110 in
1547 3048 1781 3132 puellis
1813 3072 2020 3114 urere.

418 3165 459 3219 5
553 3154 686 3221 Hic
716 3157 942 3222 tertius
974 3156 1356 3233 December,
1405 3179 1489 3221 ex
1522 3179 1650 3244 quo
1680 3159 1893 3225 destiti

637 3265 899 3330 Inachia
928 3265 1160 3344 furere,
1209 3265 1383 3330 silvis
1414 3267 1725 3332 honorem
1757 3269 2019 3335 decutit.

551 3366 741 3434 Heu!
796 3391 917 3448 me,
964 3392 1083 3456 per
1118 3368 1366 3436 Urbem
1397 3373 1578 3455 (nam
1609 3371 1812 3457 pudet
1842 3375 2009 3439 tanti
2039 3373 2219 3455 mali)

267 3537 303 3574 2
337 3535 606 3585 percussum
637 3521 780 3569 MSS.
799 3534 872 3588 ap.
896 3523 1004 3570 Bos.
1021 3525 1273 3574 Animadv.
1286 3541 1340 3593 p.
1364 3542 1446 3587 51.
1466 3532 1520 3576 it.
1550 3527 1687 3574 Brod.
1705 3542 1749 3575 et
1779 3528 1898 3575 (ἴση.
1919 3533 1971 3577 it.
1996 3528 2064 3576 ed.
2084 3529 2204 3576 flor.
2231 3527 2335 3573 Vid.
2354 3525 2419 3572 ad
2439 3523 2619 3571 AEneid.

342 3599 394 3648 9·
417 3598 526 3648 ι97·
545 3589 598 3633 ῘῙ·
618 3589 765 3634 Βηθὶ.
785 3606 807 3633 e
828 3590 940 3635 codd·
961 3591 1064 3652 quia
1090 3593 1263 3652 percuti
1291 3595 1464 3641 dicatur
1494 3599 1541 3642 in
1563 3610 1610 3638 re
1629 3594 1815 3651 leviore,
1842 3601 1945 3658 qicae
1965 3611 2043 3641 non
2066 3601 2302 3641 evertatur
2325 3600 2402 3638 aue
2433 3597 2620 3637 conseer-

342 3665 482 3699 natur
498 3671 515 3699 .·
549 3656 624 3699 sed
639 3652 820 3715 percelli
845 3656 888 3699 in
901 3660 1126 3718 graviore.

723 3782 864 3829 ODE
898 3783 990 3831 XI·
1553 3802 1586 3844 4
1609 3788 1736 3833 Mire
1754 3799 1801 3834 et
1819 3788 1947 3854 rag&
1969 3785 2220 3854 cydonia·
2240 3786 2389 3849 posuit
2411 3789 2454 3831 in
2470 3785 2622 3850 pueris

349 3860 375 3893 Ῑ
415 3847 612 3895 edices
631 3845 797 3894 &bem
829 3849 868 3892 Ρ
868 3852 964 3903 τὶἰί,
996 3849 1095 3896 Peri
1116 3865 1161 3898 et
1191 3853 1326 3901 Pecti.
1489 3865 1535 3901 et
1558 3857 1602 3898 in
1620 3854 1776 3915 puellis
1798 3872 1937 3910 urere,
1967 3855 2055 3901 acsi
2079 3870 2160 3916 pro
2191 3853 2365 3912 ignibus
2387 3866 2464 3896 eos
2484 3849 2624 3896 habe·

348 3924 381 3960 2
414 3913 541 3959 Bene
561 3915 791 3960 versiculos
812 3914 867 3959 de
893 3915 1043 3960 metris
1066 3916 1231 3979 lyricis.
1487 3929 1574 3964 ret.
1608 3920 1775 3963 Altera
1799 3920 1885 3964 tela
1902 3937 2050 3976 arcus,
2064 3922 2207 3966 altera
2223 3917 2308 3964 tela
2317 3919 2464 3981 faces.
2504 3913 2628 3982 Ovi-5

350 3977 602 4024 Perculsum
633 3977 743 4024 dicit
779 3979 890 4024 adeo
924 3981 1189 4037 attonitum,
1232 3995 1283 4029 ut
1322 3982 1424 4028 nul·
1487 3984 1588 4029 dius
1610 3985 1663 4028 de
1692 3982 1933 4056 Cupidine.

273 4043 381 4089 lum
403 4054 521 4089 stare
543 4042 626 4089 sibi
649 4042 788 4103 possit
823 4043 961 4089 animi
996 4045 1252 4093 consilium.
1316 4048 1426 4095 Non
1559 4045 1589 4095 6
1626 4046 1805 4094 Nobilis
1834 4059 1931 4095 erat
1962 4047 2059 4095 haec
2092 4060 2137 4096 et
2170 4060 2347 4110 potens,
2392 4060 2530 4108 quare
2569 4042 2625 4088 ab

277 4108 429 4170 probo
450 4106 694 4154 Torrentii
714 4117 977 4170 percnum.
1493 4113 1682 4173 antiquo
1705 4112 1871 4159 lnacbo
1895 4113 2121 4162 Inachiam
2145 4128 2242 4159 eam
2266 4113 2391 4158 dicit.

356 4174 516 4220 Gravi
538 4188 660 4218 nunc
682 4173 832 4234 posuit
849 4189 934 4234 pro
949 4175 1190 4236 impotenti
1208 4188 1254 4222 et
1271 4191 1407 4223 saevo.
1559 4178 1633 4223 δίε
1653 4191 1695 4223 et
1721 4177 1935 4239 Virgilius
1947 4201 1964 4234 ,-
2001 4179 2204 4241 Frigidus
2228 4192 2275 4224 ue
2296 4177 2440 4243 sylvis
2466 4173 2628 4237 Aquilo

355 4249 384 4296 3
415 4237 586 4285 Preter
601 4255 756 4296 onnes,
781 4239 908 4303 rae&
924 4240 1101 4292 πάντας
1119 4241 1306 4293 ἄλλους.
1339 4243 1431 4289 Os·
1495 4242 1674 4290 decussit
1692 4242 1898 4289 bonorem.
1931 4243 2043 4289 Vet.
2064 4241 2215 4289 Schol.

278 4301 436 4350 tendit
471 4318 520 4348 se
557 4313 721 4364 praeter
749 4315 935 4352 caeteros
966 4304 1215 4353 obnoxium
1254 4308 1437 4367 Amori,
1565 4319 1591 4366 7
1630 4307 1765 4353 Tanti
1798 4310 1935 4362 nath
1969 4309 2090 4368 quod
2122 4307 2381 4355 innotuerat
2413 4304 2631 4353 universa

271 4368 328 4414 h.
352 4382 394 4416 e.
418 4367 658 4431 Cupidini.
1499 4371 1598 4418 urbi
1622 4371 1718 4430 ejus
1738 4372 2021 4420 adulterium.

1602 4442 1720 4502 s'2
