3000 4979
471 246 632 317 ‚dviii
741 222 745 226 ’
1170 244 1504 310 ‚METRA
1548 245 2096 309 HonA‘nANA.

470 460 475 465 ·
564 427 671 486 20.
718 414 1163 483 Archilochium
1193 415 1623 500 compositum
1652 436 1735 480 ex
1764 425 1919 479 tome
1949 414 2247 481 Bucolica
2269 415 2446 501 quod
2476 428 2575 482 est
2594 427 2796 484 tetra-

468 540 723 595 metrum
752 526 1161 611 Dactylicum,
1194 536 1261 593 et
1297 524 1635 589 Trochaico
1677 527 1962 591 Dimetro
2007 526 2576 613 Brachycutalecw,
2611 531 2793 614 quod

470 639 946 724 Ithyphallicum
976 638 1222 703 dicitur.
1314 636 1694 721 Subjectum
1724 636 1848 702 sibi
1879 635 2073 702 habet
2096 635 2391 703 Iambum
2422 637 2790 702 trimetrum

388 792 397 805 -
467 748 935 816 catalecticum.
1028 748 1111 813 L.
1149 759 1200 814 l.
1250 746 1333 813 Ο.
1367 758 1430 815 4.

564 866 672 925 21.
719 857 1162 924 Archilochium
1192 862 1618 946 compositum
1639 884 1722 926 ex
1748 862 2244 929 penthemimeri
2265 861 2491 946 Epioe,
2526 876 2593 929 et
2616 864 2787 930 Iam·

476 973 624 1039 bico
655 974 979 1040 Dimetro.
1072 973 1429 1040 Observata
1461 973 1733 1062 dignum
1768 974 1990 1040 Metra
2026 996 2172 1061 quae
2213 974 2569 1060 Dactylicis
2616 974 2791 1040 Iam-

472 1083 595 1147 bos
624 1102 978 1169 apponunt,
1016 1082 1505 1168 Encomiologica
1526 1083 1674 1148 dici.
1769 1082 2186 1169 Postponitur
2213 1084 2437 1151 lambo
2467 1085 2787 1152 trimetro.

462 1194 866 1279 Elegiambus
894 1192 1286 1278 appellatus:
1336 1192 1547 1277 Epod.
1590 1202 1689 1257 11.

561 1310 670 1368 22.
716 1304 1170 1370 Archilochium
1203 1303 1631 1388 compositum
1663 1324 1744 1367 ex
1771 1301 2058 1367 Iambico
2082 1302 2384 1374 Dimetro
2401 1317 2466 1369 et
2499 1305 2786 1371 Penthe-

466 1412 721 1483 mimeri
753 1412 981 1500 Epico.
1074 1413 1374 1499 Sequitur
1409 1411 1905 1488 Hexametrum.
1996 1413 2384 1500 Iambelegos.
2421 1414 2638 1502 Epod.
2683 1425 2779 1482 13·

1470 2065 1758 2109 ERRATA.

467 2227 595 2298 Pag.
636 2237 723 2281 20.
812 2244 865 2281 n.
922 2236 1002 2279 11.
1051 2226 1144 2281 lin.
1206 2237 1255 2280 9..
1287 2246 1386 2297 pro
1409 2226 1590 2299 lupide
1609 2228 1723 2299 lege
1744 2228 1919 2300 lapide

567 2384 570 2388 Δ
642 2321 728 2365 26.
799 2340 872 2352 —
925 2320 1005 2365 10.
1058 2341 1130 2351 -
1199 2321 1252 2365 6.
1304 2340 1376 2354 —-
1399 2330 1547 2365 usam
1568 2314 1848 2383 legeusum

642 2407 728 2451 86.
800 2427 871 2438 -
920 2406 1000 2451 12.
1055 2428 1126 2439 —
1204 2408 1249 2453 1.
1303 2428 1373 2440 -
1398 2399 1678 2454 Parthenae
1700 2401 1812 2471 lege
1833 2400 2131 2456 Partheniae

613 2495 729 2540 115.
799 2515 871 2528 —-
948 2497 998 2541 8.
1052 2516 1124 2526 —
1195 2495 1245 2540 2.
1300 2516 1371 2528 —
1394 2485 1806 2557 praesigiatorum
1829 2488 1939 2560 lege
1962 2488 2393 2561 praestigiatorum

610 2583 728 2628 155.
798 2604 867 2618 —
948 2584 997 2627 8.
1051 2601 1122 2614 -—
1194 2585 1245 2627 3.
1300 2603 1371 2615 -
1399 2572 1742 2628 sanctimonae
1765 2575 1877 2645 lege
1900 2576 2258 2632 sanctimoniae

609 2669 728 2714 165.
796 2689 869 2703 -—
909 2670 989 2715 17.
1047 2689 1121 2703 -
1195 2670 1245 2714 4.
1296 2690 1369 2704 --
1395 2660 1660 2714 distincta
1681 2661 1794 2731 lege
1816 2662 2083 2717 discincta·

602 2756 726 2800 224.
798 2777 871 2790 --
907 2757 992 2801 28.
1052 2779 1122 2792 —
1192 2756 1242 2802 ⁶7.
1293 2776 1367 2790 -—
1394 2746 1600 2803 cineris
1621 2748 1734 2818 lege
1756 2747 1973 2804 Cinaes

600 2844 723 2889 240.
827 2834 956 2905 Arg.
1049 2864 1121 2877 -—
1195 2844 1243 2889 7.
1296 2864 1368 2876 -
1392 2833 1534 2888 huuc
1558 2835 1670 2904 lege
1695 2852 1834 2890 nunc

600 2931 723 2977 417.
829 2915 884 2977 ιι.
920 2932 1002 2978 47.
1046 2953 1117 2966 —-
1194 2931 1238 2976 1.
1290 2954 1350 2965 -
1386 2915 1512 2978 urbo
1536 2924 1646 2994 Iege
1670 2926 1800 2978 orbo
