3000 4979
374 358 503 424 390

643 522 884 588 Insano
913 544 1209 606 posuere.

1066 343 1153 421 Q.
1204 345 1624 414 HORATII
1673 346 2018 416 FLACCI

1300 523 1502 589 Velut
1532 526 1728 604 silviS,
1762 525 1873 590 ubi
1906 527 2144 611 passim

640 636 943 702 Palantes
975 657 1155 700 error
1187 648 1367 701 certo
1399 637 1481 703 de
1516 640 1772 703 tramite
1801 638 2004 724 pellit,

464 761 549 817 50
640 749 761 816 Ille
790 750 1245 825 sinistrorsum,
1280 748 1385 813 hic
1416 749 1827 815 dextrorsum
1857 750 2028 825 abit;
2074 773 2239 814 unus
2272 752 2524 839 utrique

642 860 867 937 Error,
901 860 1010 924 sed
1040 862 1231 925 variis
1264 862 1479 927 illudit
1510 865 1800 948 partibus
1827 887 1842 926 ε
1891 863 2016 927 hoc
2040 878 2103 928 te

646 969 863 1035 Credo
893 971 1088 1035 modo
1120 973 1455 1049 insanum3
1504 974 1711 1038 nihilo
1751 989 1824 1038 ut
1852 973 2204 1059 sapientior
2234 973 2359 1053 illc,

645 1081 777 1157 Qui
811 1094 874 1145 te
903 1081 1175 1160 deridet,
1208 1084 1479 1148 caudam
1515 1085 1748 1150 trahat.

1843 1085 1962 1151 Est
1991 1109 2193 1175 genus
2223 1108 2423 1149 unum

647 1192 953 1258 Stultitiae
983 1193 1257 1258 nihilum
1288 1196 1639 1260 metuenda
1671 1198 1958 1261 timentis
1976 1221 1993 1274 3
2042 1211 2111 1261 ut
2146 1197 2343 1284 igneS,

473 1314 555 1373 55
649 1305 745 1372 Ut
775 1328 964 1392 rupes
990 1307 1344 1394 fluviosque
1374 1309 1442 1371 in
1472 1326 1703 1395 campo
1734 1311 1991 1376 obstare
2022 1326 2361 1397 queratur:

649 1416 943 1482 Alterum
977 1429 1042 1482 et
1072 1418 1221 1482 huic
1252 1441 1475 1483 varum
1508 1433 1571 1483 et
1603 1421 1807 1485 nihilo
1837 1421 2208 1506 sapientius,
2240 1420 2421 1508 ignes

650 1527 775 1592 Per
806 1527 1051 1593 medios
1078 1529 1436 1615 fluviosque
1469 1534 1751 1597 ruentis:
1798 1534 2029 1598 clamet
2058 1532 2265 1596 amica

649 1636 891 1716 Mater,
925 1638 1195 1711 honesta
1225 1662 1426 1718 soror,
1463 1665 1612 1706 cum
1642 1644 1953 1730 cognatiS,
1986 1656 2190 1728 pater,
2224 1664 2427 1714 uxot-3

650 1747 788 1813 Hic
817 1748 988 1814 fossa
1018 1765 1113 1816 est
1142 1751 1410 1841 ingens!
1460 1753 1570 1819 hic
1603 1778 1792 1840 rupes
1828 1757 2111 1820 maxima
2141 1754 2154 1819 !
2207 1752 2428 1819 serva!

471 1869 555 1924 60
647 1858 799 1926 Non
833 1862 1039 1948 tnagis
1069 1863 1350 1928 audierit
1380 1887 1573 1949 quarn
1611 1866 1837 1931 Fufius
1866 1867 2081 1931 ebrius
2113 1865 2291 1941 olim,

653 1972 823 2038 Cum
856 1973 1132 2039 Ilionam
1167 1977 1474 2054 edormit3
1534 1980 1821 2043 Catienis
1852 1979 2027 2043 mille
2059 1978 2374 2054 ducentiS,

656 2085 893 2164 Mater,
930 2102 992 2153 te
1023 2090 1307 2174 appello,
1348 2090 1794 2157 clamantibus.

390 2275 454 2335 48
490 2276 638 2323 Insani
663 2292 854 2340 posuere
881 2279 1036 2326 Lamb.

457 2549 533 2603 ap.
555 2538 663 2585 Cun.

464 2689 527 2750 48
565 2690 716 2739 Silvas
739 2704 974 2740 montanas
996 2693 1105 2741 dicit
1135 2705 1268 2760 atque
1295 2695 1435 2744 invias
1466 2714 1540 2745 so-

398 2755 617 2804 litudines
663 2758 709 2803 in
752 2758 914 2820 quibus
955 2759 1230 2820 dispalantur
1270 2762 1418 2808 boves.
1485 2765 1540 2809 B.

402 2823 534 2869 Num
551 2823 688 2870 boves
710 2824 979 2885 spectaverit
1000 2837 1180 2881 auctor,
1210 2825 1435 2874 incertum
1458 2842 1542 2875 est.

468 2965 533 3016 49
567 2952 729 3009 Error,
758 2953 977 3014 evagatio.

468 3020 625 3074 pellit,
656 3019 851 3079 elongat.

469 3097 540 3143 50
572 3083 683 3131 Abit
702 3106 718 3138 ‚·
756 3084 962 3141 discedit,
982 3084 1172 3132 aberrat.

468 3162 529 3209 51
571 3149 763 3203 lunate,-
799 3150 1061 3206 frustratur,
1091 3151 1221 3198 ludos
1237 3151 1362 3199 facit.

470 3228 535 3275 53
576 3215 774 3262 Candaur
801 3217 988 3270 nahar,-
1028 3221 1091 3263 ita
1117 3220 1274 3264 stultus
1308 3222 1366 3263 sit
1403 3227 1450 3264 ut
1465 3228 1547 3282 pe·

408 3298 495 3327 cus.
559 3279 673 3326 Vet.
695 3279 847 3328 Schol.
900 3280 1165 3328 Caecutiunt
1188 3283 1261 3329 hic
1285 3282 1359 3328 vel
1379 3284 1547 3330 doctis-

408 3345 532 3402 simi,
561 3347 670 3392 dum
696 3360 787 3392 non
823 3347 1066 3394 attendunt
1090 3348 1277 3394 Poetam
1320 3349 1375 3394 de
1401 3348 1544 3396 boum

410 3425 557 3458 errore
604 3411 809 3474 superius
844 3426 986 3470 agere.
1019 3412 1077 3458 B.
1152 3415 1344 3460 Caudam
1378 3416 1551 3460 trahere

410 3488 479 3523 est
496 3477 713 3539 pecudem
738 3491 849 3530 esse,
872 3475 946 3521 vel
977 3478 1145 3538 pecude
1182 3493 1275 3524 non
1308 3477 1552 3540 sapientio-

410 3555 524 3588 rem.
592 3542 742 3588 Etiam
768 3541 815 3587 in
840 3541 1086 3587 Germania
1122 3541 1183 3587 ita
1216 3541 1454 3591 lasciviunt
1479 3545 1550 3590 in-

412 3607 594 3653 terdum
619 3606 947 3661 adolescentes,
983 3618 1035 3652 ut
1074 3622 1165 3652 non
1206 3608 1419 3654 sentienti
1443 3625 1551 3655 cau·

414 3672 520 3718 dam
564 3672 745 3734 pecudis
783 3688 808 3718 a
852 3683 978 3731 tergo
1018 3671 1291 3734 suspendant
1335 3673 1552 3721 irrisionis

413 3750 560 3783 eausa.
627 3735 817 3798 subjicit
837 3736 997 3783 deinde
1033 3737 1215 3784 Stoicus
1238 3738 1434 3785 Socratis
1456 3740 1553 3787 dic-

410 3811 513 3848 tum
556 3800 609 3846 de
657 3801 1001 3858 insanientibus,
1051 3803 1215 3864 quibus
1265 3803 1340 3849 ille
1388 3805 1548 3852 deinde

412 3876 646 3926 comparat
685 3865 989 3928 Philosophos
1033 3868 1149 3928 apud
1191 3867 1408 3931 Xenoph.
1440 3870 1550 3916 Me-

412 3930 586 3977 morab.
610 3943 654 3977 1.
679 3943 723 3978 1.
745 3934 809 3978 G.
881 3932 1079 3979 Caudam
1111 3935 1282 3992 trahat,
1312 3933 1358 3980 h.
1392 3950 1434 3981 e.
1470 3936 1551 3983 de-

413 3996 628 4043 rideatur.
663 3996 727 4042 Z.

478 4074 543 4121 55
578 4061 637 4109 In
659 4073 822 4125 campo,
854 4061 902 4109 in
924 4061 1127 4124 planitie.

478 4123 545 4185 56
580 4125 705 4173 Huic
726 4144 923 4185 vunnu
947 4129 1078 4192 pedes
1101 4131 1144 4174 t‘n
1177 4130 1553 4196 diverrumflexos

415 4192 611 4239 babentes
635 4207 772 4239 varos
804 4192 999 4239 dicimus.
1029 4194 1142 4240 Vet.
1180 4193 1331 4242 Schol.
1354 4197 1554 4242 Pessime

416 4255 714 4304 Recentiores
737 4272 973 4332 reposuere
1013 4261 1191 4304 varius·
1237 4261 1357 4321 quod
1400 4261 1551 4308 miuus

415 4321 632 4371 convenit
654 4324 859 4385 Satynco
878 4323 998 4370 stilo.
1015 4324 1069 4370 B.
1136 4324 1305 4371 Varum
1330 4325 1467 4372 etiam
1495 4344 1551 4373 eo

418 4386 606 4435 nomine
628 4386 795 4448 placet,
836 4388 957 4450 quod
989 4387 1069 4435 illo
1105 4389 1252 4437 utitur
1283 4389 1385 4453 plus
1416 4393 1557 4440 semel

421 4454 625 4502 imitator
647 4453 791 4501 nostri
814 4452 1011 4501 Persius.
1044 4455 1105 4500 G.

1887 2091 2068 2156 Huic
2099 2112 2221 2179 ego
2249 2087 2514 2175 vulgum

1165 2293 1234 2340 50
1267 2283 1504 2344 utriusque
1535 2286 1596 2330 Z.
1645 2283 1879 2345 utriusque
1905 2283 2021 2330 Sax.
2041 2280 2193 2329 MSS.
2212 2295 2300 2329 tres
2320 2281 2491 2327 Bersnr.
2511 2277 2741 2339 utrimque

461 2342 570 2389 Cun.
699 2357 727 2402 5
736 2357 762 2401 3
798 2343 939 2392 trahit
980 2346 1068 2392 hoc
1117 2361 1258 2405 genus
1301 2347 1414 2393 MS.
1448 2350 1622 2395 Berm.

458 2408 532 2455 Fl.
557 2405 700 2464 1482.
720 2422 800 2456 etc.
866 2410 946 2456 Sed
964 2425 1121 2457 varum
1150 2413 1293 2459 Acron
1317 2422 1358 2459 et
1396 2414 1567 2477 Porph.

462 2472 545 2519 stus
567 2476 699 2520 etiam
722 2474 897 2522 Lumbi.
925 2474 1061 2524 Torr.
1095 2486 1135 2524 et
1162 2478 1271 2525 Can.
1290 2481 1365 2543 qui
1387 2480 1543 2528 laudae
1567 2478 1688 2527 alios.

1771 2348 1836 2407 56
1871 2349 2041 2395 varium
2079 2351 2207 2395 etiam
2245 2350 2303 2392 G.
2339 2347 2400 2391 Ζ.
2437 2345 2569 2391 Med.
2602 2354 2742 2399 1⁴77.

1695 2426 1759 2475 59
1794 2413 1900 2460 hinc
1940 2429 2074 2475 rupes
2117 2412 2232 2459 MS.
2253 2413 2425 2459 Bersn.
2555 2408 2622 2455 60
2653 2409 2748 2454 Fu-

1818 2477 1882 2529 62
1915 2479 2077 2540 vulgus
2114 2481 2247 2527 etiam
2289 2478 2347 2524 G.
2379 2489 2421 2524 et
2455 2474 2596 2540 qued-
2628 2476 2748 2521 edite.

1668 2708 1730 2756 57
1771 2697 1965 2753 Cleant,-
2003 2698 2274 2762 Asyndeton
2301 2692 2488 2742 Morale
2510 2705 2561 2740 et
2583 2691 2748 2741 Comi-

1606 2777 1727 2810 cum.

1671 2826 1733 2886 58
1772 2828 1971 2876 Honesta
2009 2846 2162 2880 soror,-
2212 2825 2409 2885 Dilogus
2449 2826 2504 2870 de
2542 2823 2664 2869 bona
2703 2833 2750 2868 et

1605 2892 1772 2940 nobili:
1808 2906 1853 2940 et
1874 2896 2026 2941 studet
2049 2906 2210 2941 notum
2233 2893 2381 2939 facere
2413 2905 2555 2953 quem
2586 2888 2750 2951 pulsat.

1670 2970 1735 3020 59
1772 2957 1922 3006 Serva.
1955 2961 2081 3006 Cave
2105 2958 2359 3019 φυλάττου.

1671 3021 1735 3070 60
1769 3025 1923 3071 Fusius
1963 3025 2175 3070 Phocaeus
2223 3020 2561 3086 Tragaediarunr
2607 3021 2753 3066 Acta

1598 3088 1703 3149 suit
1737 3092 1812 3151 qui
1848 3108 1940 3136 cunr
1974 3091 2108 3136 vellet
2148 3089 2334 3135 Ilionam
2370 3088 2645 3134 dormientem
2677 3103 2753 3130 ex·-

1606 3158 1808 3216 primore,
1843 3159 1886 3200 u‘n
1931 3173 2050 3201 scena
2091 3154 2361 3200 ohdormivit.
2441 3152 2558 3197 Vct.
2602 3149 2754 3197 Schol.

1612 3219 1822 3266 Bentleio
1844 3220 1992 3283 Fufius
2024 3235 2078 3267 ex
2108 3219 2374 3281 quibusdam
2413 3216 2570 3263 Libris
2592 3231 2753 3261 manu-

1610 3285 1816 3331 exaratis.
1877 3286 2145 3346 Disquirant
2163 3299 2356 3345 quorum
2374 3282 2597 3329 interest:
2622 3281 2751 3327 nobis

1608 3349 1880 3410 probabilior
1899 3352 2078 3397 videtur
2099 3352 2275 3406 Fusius,
2308 3360 2422 3410 puto
2445 3347 2569 3409 quod
2592 3347 2652 3392 sit
2674 3361 2752 3392 au-

1615 3414 1739 3461 ribus
1759 3415 2042 3462 familiarius.
2075 3415 2127 3462 13.
2160 3414 2312 3461 Etiam
2336 3414 2453 3475 apud
2479 3410 2756 3458 Ciceronem

1616 3480 1788 3542 Fufium
1811 3480 1987 3527 malunt
2014 3481 2097 3527 viri
2136 3480 2294 3528 docti:
2328 3489 2436 3525 nota
2473 3492 2585 3537 gens
2606 3475 2756 3541 Fufia,

1615 3560 1705 3591 non
1729 3545 1837 3593 item
1863 3547 1999 3592 Fusio
2020 3557 2107 3592 etc.
2140 3547 2203 3591 G.

1680 3608 1737 3657 61
1776 3612 1923 3658 Iliona
1976 3611 2213 3671 Tragoedia
2257 3621 2355 3657 erat
2411 3606 2621 3656 Pacuvii.
2702 3607 2754 3654 B.

1615 3676 1803 3723 Ilionam
1826 3676 1965 3737 ipsius
1987 3675 2124 3723 etiam
2152 3675 2359 3723 Hecubae
2398 3688 2569 3720 nomen
2604 3672 2761 3728 fuisse,

1618 3757 1709 3787 non
1743 3753 1920 3788 tanturn
1954 3741 2059 3787 filia:
2082 3741 2220 3798 illius,
2250 3756 2304 3786 ex
2329 3739 2430 3786 Cic.
2460 3740 2611 3785 Acad.
2635 3751 2682 3785 2.
2717 3754 2758 3785 c.

1617 3817 1694 3863 27.
1715 3818 1759 3852 et
1790 3806 1835 3852 h.
1872 3806 1904 3852 1.
1941 3806 2184 3865 colligitur.
2251 3806 2387 3852 Certe
2433 3803 2481 3849 in
2523 3804 2757 3866 Euripidis

1618 3871 1809 3918 Hecuba
1831 3871 1912 3917 filii
1940 3871 2076 3932 ipsius
2101 3871 2316 3934 Polydori
2344 3870 2500 3915 umbra
2518 3868 2639 3916 hanc
2661 3885 2760 3916 ma-

1616 3949 1730 3982 trem
1752 3951 1877 3983 suam
1910 3937 2208 3984 dormientem
2245 3936 2427 3983 excitat.
2492 3934 2598 3981 Nisi
2618 3934 2754 3981 aliam

1614 4001 1810 4047 fabulam
1836 4014 2016 4049 secutus
2052 4015 2122 4049 est
2157 4001 2403 4057 Pacuvius,
2445 4016 2584 4062 quarn
2624 3999 2759 4047 habet

1619 4067 1765 4130 Hygi.
1783 4067 1872 4114 sab.
1898 4080 2007 4128 109.
2072 4068 2134 4114 Et
2156 4067 2244 4115 hoc
2268 4065 2476 4129 sequitur
2506 4080 2615 4113 mox
2641 4064 2759 4112 Bax-

1617 4142 1759 4189 terus,
1788 4133 1858 4178 vir
1877 4133 2053 4179 doctus.
2087 4134 2150 4179 G.

1687 4198 1891 4245 Catienus
1935 4198 2116 4245 Histrio
2151 4209 2246 4245 erat
2291 4196 2369 4260 qul
2415 4195 2628 4243 umbram
2666 4193 2763 4256 egit

1615 4261 1698 4309 Pol
1733 4264 1846 4310 dori.
2315 4281 2320 4284 ⁴

1720 4340 1746 4374 2
1775 4318 1982 4382 'Marem-
2036 4327 2184 4376 Iliona
2229 4327 2442 4391 Polydori
2481 4337 2578 4373 erat
2614 4338 2760 4373 mater

1622 4394 1810 4440 nutritia
1833 4406 1879 4441 et
1897 4409 2043 4452 soror,
2063 4394 2399 4457 Polymnestori
2417 4391 2592 4439 Thrnci
2604 4404 2765 4454 nupta.

1624 4459 1778 4506 Verba
1799 4473 1905 4508 sunt
1929 4458 2116 4508 Pacuvii
2139 4459 2259 4524 apud
2281 4459 2553 4507 Ciceronem
2595 4457 2774 4518 (Tusc-
