3000 4979
515 271 642 381 ‚24

1208 311 1292 389 Q.
1343 311 1759 379 HORATII
1809 315 2153 382 FLACCI

781 485 842 553 E
871 484 1102 573 quibus
1133 509 1297 553 unus
1328 502 1470 555 avet
1502 490 2087 581 quavisasp'ergere
2118 506 2404 571 cunctos,

776 597 1021 663 Praeter
1049 621 1196 664 eum
1220 600 1325 687 qui
1352 600 1600 685 praebet
1630 625 1896 689 aquam:
1943 616 2106 688 post,
2139 603 2313 668 hunc
2342 627 2594 692 quoque
2622 620 2830 692 potus,

777 707 1057 772 Condita
1085 731 1239 773 cum»
1263 732 1456 774 verax
1486 712 1692 796 aperit
1718 713 2077 797 praecordia
2112 712 2328 777 Liber.

603 825 688 881 90
781 816 916 882 Hic
945 818 1063 882 tibi
1092 820 1311 897 comis,
1360 834 1426 885 et
1454 821 1756 899 urbanuS,
1804 823 2089 910 liberque
2119 824 2389 901 videtur,

773 926 1016 992 Infesto
1046 928 1283 1015 nigris:
1330 953 1451 1017 ego
1481 933 1536 994 si
1566 933 1697 1009 risi,
1744 934 1919 1019 quod
1948 934 2203 1017 ineptus

771 1035 1070 1102 Pastillos
1106 1038 1383 1103 Rufillus
1414 1039 1563 1118 olet,
1613 1040 1982 1129 Gorgonius
2013 1042 2283 1121 hircum,

767 1145 1035 1212 Lividus
1066 1161 1129 1212 et
1158 1149 1429 1214 mordax
1459 1151 1682 1216 videor
1713 1151 1874 1216 tibi?
1922 1152 2175 1218 Mentio
2206 1155 2258 1218 si
2289 1177 2415 1242 qua

760 1255 867 1320 De
901 1257 1251 1343 Capitolini
1284 1260 1467 1325 furtis
1498 1262 1727 1347 injecta
1764 1262 1972 1326 Petilli

590 1369 672 1425 95
764 1363 866 1430 Te
896 1389 1112 1431 coram
1140 1369 1365 1446 fuerit;
1412 1371 1728 1447 defendas,
1778 1387 1849 1436 ut
1879 1385 2022 1437 tuus
2053 1388 2152 1437 est
2179 1396 2352 1438 mos:

758 1478 804 1549 ΊῘ
833 1474 950 1540 Me
982 1476 1384 1563 Capitolinus
1414 1482 1773 1546 convictore
1807 1505 1955 1546 usus
1985 1484 2278 1547 amico·—

754 1606 965 1670 —que
993 1610 1032 1651 a
1061 1610 1265 1672 puero
1294 1604 1408 1666 est,
1455 1613 1769 1677 causaque
1799 1614 1939 1656 mea
1968 1592 2286 1677 permulta
2313 1606 2567 1681 rogatus

756 1693 812 1757 F
815 1696 980 1773 ecit;
1023 1713 1088 1763 et
1119 1700 1456 1765 incolumis
1486 1701 1669 1766 laetor
1698 1702 1869 1788 quod
1902 1703 2059 1767 vivit
2087 1704 2154 1767 in
2189 1703 2405 1768 Urbe:

753 1804 882 1868 Sed
915 1818 1131 1873 tamen
1160 1810 1464 1888 admiror,
1515 1833 1643 1896 quo
1672 1825 1861 1896 pacto
1880 1812 2195 1897 judicium
2227 1812 2389 1878 illud

543 1918 667 1977 100
757 1912 1041 2002 Fugerit.
1133 1924 1181 1994 ΊῘ
1209 1920 1344 1985 Hic
1374 1923 1578 2006 nigrae
1608 1946 1830 1987 succus
1858 1921 2175 2012 loliginis;
2221 1923 2362 1988 haec
2392 1935 2493 1988 est

745 2021 1000 2111 AErugo
1029 2049 1236 2106 mera3
1282 2031 1456 2116 quod
1483 2031 1706 2097 vitium
1735 2033 1960 2117 procul
1993 2032 2167 2097 afore
2199 2032 2455 2110 chartis,

744 2131 958 2223 Antque
989 2138 1203 2201 animo
1234 2140 1434 2225 priuS‚
1480 2154 1553 2205 ut
1582 2143 1631 2205 si
1664 2142 1817 2229 quid
1846 2144 2215 2229 promittere
2244 2144 2325 2208 de
2355 2165 2456 2207 me

477 2331 540 2383 88
573 2351 687 2400 aqua
711 2339 860 2388 Vmet.
887 2342 949 2404 ff.
979 2346 1199 2393 Muretus
1221 2348 1282 2393 ad
1304 2346 1461 2395 Terent.
1498 2347 1689 2395 Eunuch.
1721 2352 1780 2396 V.
1803 2349 1847 2399 8.
1868 2363 1951 2410 57.

2033 2364 2098 2414 94
2131 2351 2398 2416 Capitolinis
2434 2352 2493 2400 G.
2589 2362 2659 2414 95
2692 2349 2798 2399 {uris

1062 2420 1148 2474 pro
1171 2412 1313 2460 fuerit
1336 2414 1455 2461 Zar-
1487 2414 1689 2462 defensas
1710 2416 1820 2464 Sax.
1864 2416 2063 2464 defenses
2090 2418 2200 2464 Can.

539 2582 600 2645 87
635 2587 866 2639 Bentleius
887 2593 936 2640 in
958 2610 1052 2643 uno
1075 2598 1314 2660 exemplari
1335 2599 1466 2646 scribi
1490 2601 1599 2649 dicit

471 2664 586 2697 anet
605 2668 687 2713 pro
709 2667 835 2715 avet,
853 2661 972 2720 quod
995 2661 1052 2707 ob
1074 2677 1172 2709 eam
1201 2679 1295 2709 rem
1332 2664 1408 2709 ille
1440 2667 1597 2726 pra-fe·

468 2716 661 2763 rendum
685 2731 830 2780 putat,
860 2739 950 2770 non
973 2740 1069 2785 ego.
1103 2727 1156 2773 B.
1207 2728 1463 2775 Praeferunt
1485 2747 1599 2781 amet

470 2792 576 2826 cum
623 2783 828 2833 Bentleio
872 2788 1182 2850 Cuningamus
1231 2805 1276 2838 et
1321 2793 1599 2855 sanadonm,

471 2846 591 2904 quod
626 2850 935 2911 conjunctivus
970 2854 1044 2901 hic
1068 2856 1269 2904 videatur
1302 2861 1595 2909 commodior.

469 2909 648 2978 Qavis
685 2927 833 2975 potest
872 2918 1114 2978 significare
1151 2926 1307 2986 quavis
1343 2926 1507 2972 ratione
1542 2939 1593 2973 ut

462 2976 654 3037 qualibet
668 2997 684 3023 .-
722 2979 806 3027 nisi
829 2983 953 3030 malis
968 2983 1111 3044 legere
1128 3002 1232 3034 cum
1253 2988 1466 3044 Mureto,
1487 3009 1592 3053 qua·

462 3043 740 3105 vis—aqua,
771 3056 825 3092 ut
855 3051 930 3110 qui
953 3051 1121 3112 praebet
1144 3053 1201 3100 sit
1222 3053 1457 3115 descriptio
1480 3071 1590 3102 con·

460 3105 687 3165 vivatoris.
741 3111 788 3156 Si
811 3113 917 3173 quid
939 3118 1206 3163 mutandum
1231 3119 1306 3174 sit,
1325 3135 1408 3178 ego
1430 3132 1582 3181 optem

461 3168 511 3216 in
531 3169 653 3219 bono
673 3173 787 3221 libro
808 3176 892 3237 legi
917 3185 1246 3245 unus—quivis,
1275 3184 1317 3229 id
1340 3195 1424 3242 est,
1456 3204 1585 3232 nnus·

459 3238 646 3299 quicque.
714 3242 815 3306 Qi
842 3244 1011 3307 prabet
1033 3265 1191 3308 aquam
1229 3248 1312 3310 (V.
1335 3250 1427 3295 Sat.
1461 3262 1506 3298 2.
1538 3263 1581 3298 2.

459 3297 559 3360 68.)
583 3317 637 3348 eo
657 3319 818 3360 genere
840 3311 1168 3359 extenuationis
1197 3313 1282 3358 dici
1305 3314 1496 3369 videtur,
1530 3329 1581 3363 ut

456 3367 519 3410 ad
534 3368 800 3415 sorbitionem
821 3370 1013 3421 invitant
1036 3374 1185 3434 hodie,
1205 3377 1281 3439 qui
1304 3377 1448 3425 lautas
1470 3395 1582 3442 epu-

454 3428 521 3477 las
542 3430 807 3481 instruxere.
848 3438 911 3483 G.

445 3499 452 3522 ³
520 3492 583 3543 88
616 3500 716 3565 Qa‘
737 3501 907 3563 praebet
927 3519 1113 3567 aquasm-
1148 3508 1476 3555 convivatorem
1507 3509 1577 3555 di·

456 3557 550 3617 cit3
579 3559 655 3609 hic
689 3565 810 3610 enirn
856 3568 1024 3628 praebet
1060 3584 1220 3631 aquam
1258 3587 1345 3633 qua
1381 3570 1576 3634 reliquos

449 3625 663 3673 convivas
683 3630 888 3690 nspergit,
908 3634 1016 3679 dum
1040 3633 1145 3682 vino
1163 3647 1208 3683 et
1225 3636 1366 3698 epulis
1382 3638 1435 3682 ad
1453 3637 1576 3685 dica-

450 3686 634 3736 citatem
671 3691 868 3753 lingunm
902 3698 997 3760 eJus
1027 3699 1164 3758 acuit,
1203 3712 1249 3748 et
1286 3703 1572 3748 commodum

448 3750 560 3800 facit
590 3756 728 3803 videri
763 3761 980 3819 sodalem,
1009 3763 1115 3811 alias
1145 3778 1323 3812 mutum
1350 3766 1573 3814 futurum.

449 3809 575 3864 Nam
598 3818 855 3883 hujusmodi
882 3842 1044 3874 scurra
1066 3829 1169 3877 solis
1189 3832 1371 3878 student
1404 3832 1571 3890 gratifi-

448 3880 540 3927 cari
580 3887 811 3946 patronis.-
854 3890 966 3937 bene
1003 3892 1140 3952 igitur
1173 3909 1274 3942 avet
1310 3907 1357 3943 et
1394 3900 1571 3959 quavis.

435 3946 720 4011 ·1nterpretes
740 3954 850 4000 nihil
873 3955 947 4004 bic
968 3958 1127 4004 videre.

508 4023 577 4072 90
613 4015 766 4063 Goaris
791 4021 1022 4077 suavitate,
1068 4025 1251 4072 urbanus
1291 4026 1469 4086 salibus,
1517 4042 1564 4078 et

441 4075 557 4123 liber
575 4081 740 4140 :pettit
764 4082 878 4143 jocis
899 4099 946 4133 et
973 4090 1177 4149 pra-senti
1198 4090 1372 4138 fiducia.

506 4152 567 4202 91
605 4144 771 4207 Infesta
800 4153 967 4259 “iim-⁸⁰·
1002 4151 1050 4197 h.
1069 4167 1108 4199 e.
1137 4155 1299 4217 quivis
1320 4158 1459 4206 videri
1489 4160 1562 4208 in-

439 4202 603 4262 festus,
630 4220 677 4257 et
699 4226 773 4257 me
793 4229 847 4260 cu
870 4231 945 4276 pas
961 4217 1019 4262 ob
1035 4217 1254 4266 Rufinum
1272 4232 1317 4268 et
1335 4224 1564 4284 Gorgoni-

438 4284 519 4316 um
542 4285 724 4332 propter
743 4276 862 4326 leves
886 4281 1072 4342 ineptias
1088 4298 1111 4328 a
1129 4298 1202 4332 me
1216 4286 1397 4335 derisos.
1431 4290 1563 4351 (vid.

429 4336 535 4383 Sae-
558 4350 602 4384 1.
620 4350 666 4386 ι.
685 4340 786 4401 27.)

496 4412 558 4461 93
593 4405 791 4453 Lividus
812 4407 929 4455 idem
949 4423 1018 4457 est
1040 4413 1119 4473 qui
1140 4423 1186 4460 et
1205 4413 1343 4475 niger.
1398 4418 1562 4467 Malos

1663 2605 1846 2651 homines
1900 2615 2017 2653 arros
2064 2614 2105 2652 et
2151 2614 2377 2654 venenatos
2429 2607 2566 2654 dicere
2604 2608 2792 2655 solen-1.

1662 2669 1773 2716 Vct.
1804 2669 1954 2716 Schol.
2018 2672 2164 2717 Livor
2210 2674 2416 2720 voluntas
2459 2685 2683 2720 venenata
2715 2686 2790 2729 est,

1662 2746 1713 2780 ut
1736 2734 1851 2780 idem
1877 2734 2026 2782 Schol.

1726 2811 1789 2862 94
1825 2798 2022 2847 Petimus
2058 2803 2156 2846 dum
2186 2801 2400 2865 Capitolii
2421 2820 2569 2849 curan
2599 2812 2788 2867 garrera,

1660 2879 1821 2911 corone
1873 2867 2046 2912 sublata
2098 2885 2269 2913 causam
2312 2870 2446 2924 dixit,
2495 2868 2787 2932 absolutusque

1655 2938 1718 2974 est
1748 2947 1777 2974 a
1810 2931 2027 2992 judicibus
2077 2935 2119 2977 in
2161 2935 2361 2995 gratiam
2408 2933 2620 2997 Augusti,
2671 2938 2784 2999 cujus

1656 2997 1816 3040 amicus
1857 3008 1969 3042 erat.
2021 2999 2133 3043 Vet.
2166 2997 2316 3044 Schol.
2350 2997 2491 3059 Cruq.
2583 2999 2783 3046 Petillia

1652 3077 1744 3104 cun
1785 3060 1997 3122 Capitolio
2029 3074 2250 3126 praesset,
2299 3080 2493 3110 coronam
2534 3064 2668 3110 Jove‘s
2713 3083 2781 3111 re-

1639 3128 1773 3188 pudi,-
1827 3138 1869 3171 et
1911 3144 1964 3171 ex·
2017 3131 2193 3173 crimine
2239 3128 2505 3191 Capitolinus
2548 3130 2777 3176 dicebatur.

1651 3188 1782 3235 Alter
1804 3189 1953 3236 Schol.
1996 3191 2348 3239 Dissimulanter
2368 3205 2414 3240 et
2437 3208 2514 3256 per
2534 3197 2774 3243 transitum

1650 3253 1882 3300 Petillium
1908 3257 2095 3314 graviter
2117 3259 2327 3319 percutit.

1711 3330 1771 3378 95
1809 3320 1927 3366 lnest
1960 3322 2227 3369 asseveratio
2248 3322 2347 3369 voci
2378 3323 2613 3385 dtsendas:
2652 3325 2775 3388 quasi

1646 3382 1830 3440 diceret,
1858 3384 1921 3429 nil
1942 3386 2100 3433 dubito
2121 3387 2229 3449 quin
2253 3388 2311 3435 sis
2332 3388 2624 3435 defensurus:
2668 3405 2769 3437 nam

1647 3446 1684 3492 ir
1707 3447 1790 3497 deu
1823 3449 2132 3508 proferendum
2162 3464 2253 3510 est;
2289 3465 2442 3515 estque
2478 3453 2589 3500 mira
2623 3455 2769 3503 Etho-

1644 3513 1777 3574 poeia,
1803 3513 1893 3561 sive
1920 3516 2148 3572 Mimesis,
2178 3517 2222 3563 in
2244 3518 2546 3581 sequentibus.

1705 3591 1768 3640 99
1802 3580 2015 3627 ,Iudicium
2050 3581 2165 3628 illud
2177 3603 2194 3636 ,-
2236 3584 2465 3649 capitalem
2501 3587 2767 3633 sententian.

1639 3642 1752 3690 Vet.
1773 3643 1923 3692 Schol.

1705 3719 1799 3755 100
1833 3712 2008 3773 Notum
2033 3723 2098 3759 est
2120 3713 2326 3776 loliginis,
2356 3712 2450 3761 sive
2480 3714 2632 3778 sepit,
2664 3731 2763 3764 san-

1637 3772 1817 3832 guinem
1841 3789 1933 3821 esse
1956 3776 2069 3835 nigri
2090 3777 2265 3825 coloris.

1702 3850 1790 3885 101
1828 3839 1905 3885 Ex
1949 3845 2136 3906 aerugine
2172 3844 2451 3905 χάλκανθος,
2489 3848 2591 3893 sive
2627 3857 2757 3896 atra-

1633 3913 1813 3949 mentum
1835 3908 2059 3963 ευτονὶωη,
2087 3907 2322 3973 conficitur.
2352 3910 2598 3971 Cruquius.

1697 3968 1907 4014 Lambini
1931 3982 1977 4016 et
1996 3971 2189 4034 Cruquii
2211 3974 2362 4034 scripti
2382 3974 2572 4024 Codices
2594 3989 2754 4036 magno

1628 4045 1843 4079 consensu
1887 4034 2089 4093 legerunt
2122 4038 2246 4101 afore
2290 4054 2373 4101 pro
2412 4040 2583 4105 abjbre,
2633 4041 2752 4104 quod

1626 4095 1736 4142 mibi
1758 4114 1861 4145 cum
1886 4100 2090 4163 Cruquio
2110 4102 2293 4163 placuit.

1693 4174 1783 4211 102
1821 4165 1970 4218 Prius,
2011 4166 2056 4213 h.
2095 4183 2134 4214 e.
2173 4169 2324 4228 tnagis.

1626 4224 1713 4273 hoc
1734 4226 1897 4274 vitium
1932 4229 2094 4278 chartis
2116 4231 2206 4279 suis
2228 4234 2455 4281 adhaerere
2488 4251 2623 4299 quam
2653 4237 2747 4282 ani-

1625 4305 1716 4336 mo.
1753 4292 1805 4339 Β.
1857 4293 1983 4359 Qin
2011 4309 2180 4344 natura:
2201 4297 2284 4344 ista
2307 4299 2396 4357 lex,
2427 4313 2477 4347 ut
2500 4302 2545 4346 in
2572 4300 2745 4349 chartas

1624 4358 1944 4406 transferantur
1969 4360 2073 4408 vitia
2104 4363 2268 4409 animi:
2307 4365 2390 4411 nisi
2417 4365 2539 4427 prius
2560 4369 2619 4415 sit
2650 4366 2744 4416 ani-

1622 4433 1702 4470 mo
1720 4433 1937 4487 conceptu
1954 4426 2145 4484 malitia,
2175 4442 2260 4476 noc
2280 4428 2329 4477 in
2350 4429 2503 4478 clm-tn
2525 4431 2628 4480 erit.

2390 4168 2581 4218 Mavult
2628 4172 2748 4218 enim
