3000 4979
364 296 487 362 116
635 290 722 366 Q.
769 280 1190 355 HORATII
1238 278 1584 349 FLACCI
1632 282 1930 353 CARM.
1959 284 2114 355 Lm.
2141 284 2234 357 11.
2265 295 2373 355 20.

703 464 963 536 Dilecte
993 458 1342 537 MaecenaS‚
1374 458 1606 535 obib0;

797 574 938 640 Nec
971 570 1195 659 Stygia
1221 568 1572 634 cohibebor
1603 567 1794 633 unda.

615 788 761 853 Jam
786 787 920 872 jam
951 751 1242 848 residunt
1270 781 1563 846 cruribus
1593 802 1835 866 asperae

459 908 539 967 10
630 897 881 970 Pelles3
926 905 990 957 et
1019 892 1238 956 album
1268 903 1483 954 mutor
1505 890 1574 952 in
1604 889 1821 953 alitem

717 1007 1051 1090 Superna3
1095 1012 1572 1085 nascunturque
1600 998 1771 1064 leves

796 1115 926 1181 Per
953 1112 1189 1202 digitos
1218 1112 1648 1195 humerosque
1676 1109 1952 1195 plumae:

628 1327 774 1392 Jam
807 1324 1123 1393 Daedaleo
1153 1322 1334 1389 ocior
1365 1322 1553 1388 Icaro

634 1438 854 1503 Visam
882 1435 1197 1526 gementis
1225 1434 1446 1499 littora
1478 1433 1751 1519 Bospori

460 1556 542 1612 15
726 1550 1068 1635 Syrtesque
1099 1544 1409 1622 Gaetulas»,
1447 1565 1720 1609 canorus

433 1654 438 1659 ¹
808 1657 990 1735 Ales,
1028 1655 1620 1742 Hyperboreosque
1649 1675 1929 1739 campos.

639 1869 757 1935 Me
788 1869 1098 1948 ColchuS,
1131 1880 1195 1933 et
1225 1869 1334 1955 qui
1366 1866 1727 1931 dissimulat
1754 1877 1994 1930 metum

640 1980 883 2047 Marsae
913 1978 1194 2044 cohortis
1223 1977 1472 2055 DacuS‚
1504 1990 1569 2041 et
1598 1974 1806 2064 ultimi

733 2092 1017 2156 Noscent
1047 2088 1328 2166 Geloni3
1374 2110 1480 2152 me
1510 2086 1754 2171 peritus

435 2236 436 2241 ¹
463 2213 552 2269 20
811 2202 1038 2267 Discet
1069 2198 1245 2277 Iber,
1283 2197 1718 2283 Rhodanique
1747 2207 1956 2282 potor.

642 2413 882 2482 Absint
906 2412 1082 2478 inani
1104 2411 1331 2478 funere
1360 2411 1617 2489 naeniae,

643 2525 1013 2611 Luctusque
1039 2536 1266 2609 turpes
1296 2536 1361 2589 et
1390 2521 1852 2610 querimoniae:

726 2634 1083 2720 Compesce
1112 2634 1481 2712 clamorem,
1515 2634 1591 2699 nc
1621 2630 1897 2718 sepulcri

824 2738 1022 2805 Mitte
1051 2761 1479 2826 supervacuos
1512 2738 1811 2805 honores,

464 2956 498 3008 9
522 2942 717 2993 resident
737 2943 849 2993 MS.
870 2946 1041 2995 Bersn.
1106 2959 1165 3008 13
1189 2948 1331 2997 tutior
1352 2949 1457 3019 conj.
1478 2948 1627 2997 Bau.
1693 2959 1756 3005 14
1775 2944 1999 2994 dementis
2021 2944 2157 2993 Brod-
2223 2953 2282 3006 17
2308 2943 2495 2995 Colchis
2516 2947 2650 2994 Brod.

386 3099 675 3149 temtioribus
694 3100 831 3148 etiam
853 3101 1127 3160 nominibus,
1143 3101 1292 3165 qualia
1324 3102 1529 3163 Augusti
1592 3099 1750 3149 fecisse
1765 3099 1848 3148 sibi
1864 3114 2001 3148 omen
2017 3099 2293 3148 nominando
2308 3101 2499 3148 Icarum.
2566 3101 2718 3163 Quan-

390 3165 439 3212 in
479 3165 728 3214 Horatium
767 3166 888 3214 dicta
924 3167 1129 3229 quadam
1165 3179 1475 3215 memorantur
1500 3184 1529 3215 a
1595 3167 1744 3214 tulum
1768 3166 1933 3213 vitium
1954 3164 2070 3213 hoc!
2123 3165 2178 3212 B.
2226 3165 2381 3212 Tutior
2402 3166 2522 3228 quod
2544 3166 2718 3229 conjicit

392 3231 626 3279 Suetonio.
692 3231 796 3279 Nec
826 3242 979 3278 tamen
1012 3232 1141 3279 valde
1174 3248 1420 3295 repugnem
1442 3232 1532 3290 his,
1594 3231 1846 3290 Bentleius,
1878 3230 2118 3294 pulchrum
2139 3241 2187 3276 et
2207 3229 2394 3289 dignum
2418 3231 2576 3278 Poe‘ta.
2630 3231 2721 3277 Sed

392 3296 555 3358 quibus
575 3297 754 3343 videtur
777 3296 926 3344 dilecte
945 3312 1111 3344 nornen
1133 3313 1244 3354 esse,
1277 3314 1369 3360 quo
1401 3295 1533 3345 comi
1595 3300 1723 3355 ocior,
1745 3291 1791 3344 iu
1812 3312 1906 3359 quo
1926 3295 2214 3344 consentiunt
2233 3294 2353 3352 libri,
2372 3307 2418 3343 et
2449 3295 2595 3359 ipsum
2624 3295 2722 3358 pul·

393 3360 549 3423 pellari
565 3378 612 3408 se
624 3379 649 3409 a
663 3360 943 3419 Maecenate,
955 3360 1173 3421 glorietur
1187 3363 1424 3411 Horatius.
1468 3364 1531 3410 G.
1595 3363 1754 3411 chratn
1776 3361 2042 3409 sententiam
2061 3361 2195 3421 parit:
2233 3361 2405 3418 tardus,
2417 3360 2513 3407 imo
2524 3362 2723 3424 plumbe-

459 3423 490 3473 8
517 3426 762 3482 cohibebor,
777 3426 1032 3483 co‘e'rcebor,
1055 3424 1271 3473 includat.
1341 3428 1404 3473 Z.
1599 3443 1653 3474 us
1689 3427 1837 3473 factus
1868 3437 1935 3473 est
1969 3423 2223 3488 liquefactis
2243 3424 2324 3471 alis
2344 3426 2526 3472 Icarus:
2562 3442 2723 3490 cycnus

460 3502 492 3552 9
533 3490 728 3538 Pulchre
768 3492 956 3538 residunt
998 3501 1044 3536 et
1085 3503 1252 3555 aspere
1295 3491 1350 3537 de
1401 3490 1536 3554 cygni
1602 3503 1754 3538 noster
1774 3490 1912 3538 sumit
1933 3488 2210 3537 celeritatem
2232 3502 2279 3537 et
2302 3490 2418 3537 vires
2439 3491 2609 3554 abipsa
2625 3507 2726 3555 pro-

395 3553 618 3603 eruribus.
680 3556 735 3603 B.
796 3555 946 3603 Rm'd.
972 3553 1298 3603 adhaerescunt.
1365 3556 1432 3602 Z.
1604 3556 1846 3615 gressione.
1910 3556 1974 3602 G.
2328 3580 2335 3585 ·

464 3631 528 3667 10
549 3615 726 3668 Festive
748 3621 795 3668 in
817 3619 1028 3667 canitiem
1050 3635 1191 3667 suam.
1661 3633 1724 3676 14
1748 3618 1941 3667 Pulchre
1968 3637 2135 3685 genere
2150 3619 2317 3668 dicitur
2334 3620 2594 3684 Bosporusg
2637 3622 2729 3669 fre-

464 3696 522 3731 11
550 3682 748 3748 Superne,
774 3685 932 3733 ultima
953 3683 1097 3742 brevi,
1116 3684 1233 3732 utin
1246 3682 1411 3731 talibus
1426 3683 1531 3731 Lu·
1596 3696 1697 3732 tum
1720 3685 1841 3732 enirn
1864 3696 1951 3743 est,
1972 3685 2048 3732 ubi
2075 3685 2122 3732 in
2139 3686 2339 3745 angustis
2360 3699 2569 3734 coactum
2593 3702 2728 3743 mare,

400 3746 584 3796 cretius.
615 3749 801 3798 Frustra
814 3751 994 3812 reponit
1011 3749 1233 3797 Muretus
1248 3761 1445 3814 superna.
1477 3749 1532 3797 B.
1597 3750 1758 3802 deinde
1783 3765 1888 3797 eum
1911 3750 2086 3813 impetu
2107 3766 2152 3797 se
2173 3751 2340 3813 majore
2357 3751 2531 3799 dilatat.
2562 3750 2728 3800 Graeeis

399 3813 464 3860 Et
484 3824 640 3861 tamen
656 3814 781 3862 valde
813 3814 1040 3862 blanditur
1071 3825 1274 3879 superna,
1303 3815 1424 3876 quod
1455 3814 1534 3861 fir·
1598 3814 1741 3863 retnis
1763 3826 2017 3875 angustum,
2043 3814 2196 3872 reim,
2220 3811 2436 3874 στενάζω,
2464 3830 2612 3876 gemo.
2658 3816 2728 3864 Sic

397 3889 495 3927 mat
505 3878 641 3925 etiam
656 3895 710 3926 ex
725 3879 845 3926 libris
862 3879 1116 3927 Bentleiusz
1136 3892 1238 3928 tum
1253 3881 1373 3941 quod
1388 3878 1545 3926 Hora·
1607 3879 1725 3928 AEn.
1745 3892 1793 3940 5.
1816 3877 1925 3928 806.
1939 3890 2112 3944 genunt
2132 3882 2287 3943 repleta·
2304 3898 2463 3928 ames.
2527 3882 2592 3928 G.

400 3942 496 3992 tius
527 3958 620 3990 non
653 3943 766 3992 solet
796 3945 902 3992 talia
923 3945 1162 4007 corripere,
1180 3955 1283 3992 tum
1306 3945 1426 4007 quod
1446 3944 1543 3991 ele-
1674 3943 1736 3993 16
1781 3945 2079 4011 Hyperboreos
2121 3955 2288 4010 tempor
2329 3944 2509 3994 Russiae
2564 3946 2730 3995 deserte

403 4023 513 4068 gans
534 4018 604 4055 est
624 4019 672 4056 et
693 4008 973 4058 Horatianus
996 4010 1071 4057 me
1101 4008 1383 4058 accusativus
1405 4010 1543 4056 Grae-
1605 4010 1826 4058 nominat.
2016 4039 2019 4042 π

401 4088 502 4120 ως.
566 4073 630 4120 G.
696 4071 850 4122 Etiam
886 4075 950 4122 sic
985 4074 1130 4139 reperi
1162 4075 1209 4122 in
1235 4074 1306 4122 ed.
1370 4074 1541 4121 Venet.
1671 4073 1733 4123 18
1758 4076 1958 4132 Marsa,
1988 4075 2171 4136 figurate
2202 4091 2289 4139 pro
2319 4075 2463 4124 ltalae.
2526 4076 2670 4124 Marsi
2688 4088 2732 4124 et

408 4152 548 4203 quare
569 4153 676 4186 cum
699 4138 794 4186 Isn.
824 4138 987 4203 recepi.
1056 4140 1285 4200 Significat
1318 4150 1472 4187 sutem
1494 4142 1542 4186 ἐκ
1607 4139 1782 4203 Appuli
1803 4140 1907 4188 bello
1926 4141 2114 4189 feroces.

399 4202 608 4268 parribus
628 4205 815 4267 corpori!
835 4208 1044 4269 supernis.
1109 4203 1174 4254 Z.
1677 4215 1739 4268 19
1763 4205 2118 4272 Perre-ansam.
2131 4210 2315 4274 peritus.
2377 4202 2663 4255 Torrentius.
2688 4205 2734 4253 h.

478 4279 542 4317 η
565 4266 709 4316 Albos
729 4267 846 4331 pilos
863 4269 1053 4318 habebat
1076 4270 1123 4318 in
1156 4268 1324 4331 digitis,
1354 4268 1547 4332 canique
1610 4285 1652 4317 e.
1666 4270 1841 4318 doctus.
2579 4301 2583 4306 ·

412 4332 563 4396 capilli
584 4333 722 4382 etism
747 4333 794 4381 in
817 4332 1030 4383 humeros
1049 4335 1316 4383 defluebant.
1678 4346 1738 4385 21
1763 4336 1898 4385 Inani
1909 4337 2096 4400 senen,-
2143 4334 2338 4402 respexit
2356 4335 2413 4386 ad
2435 4348 2643 4386 veterum
2663 4352 2734 4386 ce·

481 4409 540 4461 13
565 4398 787 4464 Queritur
824 4398 1058 4449 Bentleius
1095 4399 1345 4450 Horatium
1374 4398 1550 4449 malum
1612 4399 1840 4463 notaphia.
