3000 4979
920 269 1462 338 CARMINUM
1510 272 1665 338 Lm.
1715 271 1845 339 111.
1894 281 1956 339 5.

2482 277 2603 338 135

530 447 668 514 Sub
698 470 850 536 rege
877 446 1103 526 Medo,
1155 447 1416 513 Marsus
1444 460 1511 515 et
1542 449 1860 536 Appulus,

357 566 441 624 10
527 558 934 625 Anciliorum
964 571 1027 623 et
1058 559 1334 623 nominis
1364 572 1430 623 et
1458 572 1630 646 togae

619 666 899 746 Oblitus,
947 681 1331 756 aeteruaeque
1358 668 1595 747 Vestae,

705 778 1023 843 Incolumi
1055 778 1216 844 Jove
1245 794 1310 846 et
1339 780 1499 845 urbe
1534 777 1793 844 Roma?

532 887 689 954 Hoc
717 903 975 955 caverat
1002 912 1183 955 mens
1212 890 1478 976 provida
1516 889 1775 978 Reguli,

523 996 981 1064 Dissentientis
1010 999 1484 1066 conditionibus

357 1113 433 1169 15

618 1107 856 1187 Foedis,
903 1122 966 1174 et
996 1110 1294 1196 exemplo
1323 1111 1603 1176 trahenti
1704 1156 1709 1167 ·

703 1218 1065 1286 Perniciem
1094 1223 1353 1287 veniens
1382 1223 1446 1286 in
1479 1244 1723 1297 aevum3

519 1326 590 1392 Si
625 1349 753 1390 non
787 1330 1022 1413 periret
1052 1330 1521 1396 immiserabilis

522 1435 799 1521 Captiva
825 1440 1046 1524 pubes.
1141 1442 1341 1529 Signa
1371 1464 1491 1530 ego
1528 1439 1787 1506 Punicis

601 1547 821 1612 Affixa
850 1549 1153 1629 delubriS,
1201 1565 1265 1616 et
1295 1573 1475 1617 arma

337 1667 427 1722 20

695 1656 1016 1723 Militibus
1047 1660 1184 1724 sine
1217 1659 1413 1739 caede,
1460 1659 1648 1737 dixit,

516 1765 809 1853 Derepta
837 1769 1003 1843 vidi:
1052 1771 1182 1835 vidi
1214 1794 1337 1861 ego
1367 1772 1603 1835 civium

513 1876 792 1942 ‚Retorta
824 1890 1006 1968 tergo
1036 1881 1298 1947 brachia
1330 1882 1555 1960 libero,

606 1987 962 2077 Portasque
990 2014 1119 2056 non
1155 1991 1420 2071 clausas,
1470 2007 1533 2057 et
1563 2014 1718 2058 arva

683 2097 903 2166 Marte
931 2102 1055 2167 coli
1086 2104 1393 2189 populata
1419 2118 1664 2171 nostro.

334 2216 419 2271 25

512 2207 699 2273 Auro
729 2224 1032 2295 repensus
1062 2213 1304 2279 scilicet
1334 2214 1543 2280 acrior
1766 2219 1795 2245 '

515 2316 713 2384 Miles
743 2320 1013 2388 redibit:
1062 2323 1308 2412 flagitio
1336 2324 1575 2391 additis

251 2505 314 2541 10
345 2493 507 2543 Ancil.
549 2495 744 2545 nomini·
782 2500 875 2546 sine
908 2510 956 2547 et
991 2503 1054 2549 d.
1092 2503 1206 2549 Ven.

1384 2517 1404 2550 1
1412 2515 1442 2563 5
1478 2502 1556 2551 Sic
1596 2502 1725 2548 etiam
1773 2500 1842 2548 Η.
1886 2497 2031 2563 steph.
2074 2496 2219 2544 Bentl.
2263 2493 2371 2541 cun.
2417 2489 2587 2538 Mam.

313 2558 443 2606 Tau.
529 2558 613 2608 Sed
642 2562 860 2612 trahentia
900 2564 1060 2612 MSS.
1100 2581 1142 2613 er
1181 2567 1275 2614 edd.
1307 2570 1394 2614 nisi
1429 2570 1541 2632 quod
1578 2568 1686 2614 Ven.
1726 2577 1870 2627 1479.
1906 2562 2201 2611 trahentibus.
2285 2557 2431 2606 Benu.
2478 2559 2587 2619 conj.

309 2624 511 2688 exempli
532 2625 766 2676 trahentia.

306 2788 340 2839 9
376 2774 465 2823 Sub
509 2796 557 2825 re
587 2796 609 2825 e
644 2779 783 2827 Medo
828 2781 885 2828 ad
916 2781 1165 2845 Emphatin
1206 2785 1381 2847 posuit3

242 2841 465 2904 siquidem
503 2795 764 2892 enit-minati
799 2858 847 2892 et
879 2846 1040 2895 molles
1067 2861 1196 2897 erant
1220 2850 1382 2910 Medi;

239 2919 401 2955 contra
422 2907 587 2955 Marsi
608 2921 656 2957 et
680 2911 854 2974 Appati
875 2913 1033 2961 rustici
1056 2925 1102 2960 et
1126 2914 1245 2962 duri.

310 2984 374 3020 10
407 2973 671 3021 Audiamus
700 2976 839 3022 animi
884 2993 1013 3025 causa
1054 2979 1345 3027 Harduinurn
1365 2998 1376 3027 ε

243 3038 518 3085 anciliorum
532 3039 682 3086 fabula
693 3052 788 3087 orta
804 3057 856 3088 ex
868 3058 1059 3091 nummo
1067 3056 1217 3091 vetere
1227 3048 1381 3093 Anto-

242 3102 342 3150 nini
360 3103 565 3163 Augusti
584 3105 673 3161 Pii,
693 3104 738 3152 in
760 3121 852 3168 quo
870 3107 978 3169 picti
1000 3120 1107 3156 sunt
1126 3108 1271 3173 clypei
1288 3112 1381 3157 duo

239 3183 346 3216 cum
369 3168 699 3231 nubseriptione
719 3172 1014 3219 ANCILIA
1038 3175 1122 3221 hac
1143 3176 1381 3233 sententia,

239 3235 455 3294 Augures
489 3234 808 3284 Narbonenses
831 3237 1030 3300 clypeos
1064 3238 1263 3300 insignes
1285 3240 1380 3286 Le-

236 3310 461 3358 gaverunt
482 3298 749 3358 Imperatori
766 3302 1024 3350 Antonino.
1043 3304 1113 3350 Ex
1132 3319 1188 3352 eo
1200 3305 1374 3352 sactum

237 3376 327 3420 est,
360 3374 415 3410 ut
437 3364 603 3410 ancilia
630 3364 841 3413 finxerint
863 3383 888 3414 e
910 3368 1024 3416 coelo
1053 3368 1188 3431 lapsa.
1252 3371 1377 3429 Ergo

240 3428 403 3493 impos«
411 3443 480 3482 or,
494 3428 572 3491 qui
589 3429 675 3479 hoc
690 3445 870 3480 carmen
888 3432 1062 3481 affinxit
1078 3434 1290 3483 Horatio.
1312 3436 1375 3481 G.

304 3493 466 3541 Aac-ile
484 3494 636 3556 posuit
657 3511 738 3558 pro
758 3498 944 3545 oraculo
967 3501 1088 3561 quod
1111 3515 1214 3547 cum
1237 3500 1372 3548 ancili

237 3559 394 3607 datum
418 3571 509 3615 eet,
541 3559 603 3606 ibi
624 3560 721 3609 fore
749 3561 987 3624 imperium
1016 3563 1094 3612 ubi
1113 3565 1270 3612 fuisset
1293 3581 1374 3613 an·

238 3623 339 3671 tile.
404 3625 662 3673 Laudinus.
742 3627 926 3675 Ancilia
970 3628 1106 3691 (teste
1139 3629 1371 3692 Varrone)

238 3691 394 3736 eadem
413 3689 566 3736 forma
587 3701 715 3738 erant
737 3708 825 3755 qua
844 3705 890 3739 et
903 3693 1138 3743 Thracum
1163 3695 1306 3743 Peltae
1327 3693 1374 3742 h.

239 3770 280 3801 e.
299 3753 519 3816 utrinque
542 3756 709 3814 ancisa,
728 3771 780 3806 ut
806 3757 937 3805 Grata
964 3771 1115 3807 nostra
1140 3759 1212 3807 vel
1236 3760 1371 3807 etiarn

237 3818 472 3866 characoer
508 3835 602 3882 quo
634 3822 772 3881 vulgo
808 3824 1093 3872 octonarium
1130 3840 1373 3873 numerum

237 3886 484 3945 signamus.
525 3886 580 3933 B.
646 3887 788 3934 Crota
811 3888 973 3949 Anglis
996 3890 1170 3949 Crowe,
1206 3891 1379 3948 Παίου,

242 3952 328 3997 Ge‘
355 3967 394 3997 e.
436 3953 501 3996 G.

305 3966 477 4062 ἕνεκα
496 4029 581 4076 pro
599 4015 757 4063 bellica
780 4017 903 4065 fama
926 4017 1055 4066 dixit.

305 4081 401 4129 Pro
420 4083 634 4144 dignitate
655 4094 794 4146 togam
812 4086 971 4148 posuit.
1012 4084 1125 4130 vet.
1146 4081 1298 4130 schol.

309 4158 366 4193 11
405 4146 626 4193 AEternus
643 4149 800 4195 Vestae
820 4147 936 4209 ignis
955 4148 1131 4212 imperii
1152 4148 1381 4196 :eternita-

253 4218 337 4255 tem
359 4212 673 4273 promittebat.

317 4287 371 4323 12
403 4275 617 4324 Incolunt·
638 4278 753 4325 Jove
760 4296 780 4332 ,⁶
816 4293 950 4341 supra
972 4278 1253 4327 ostendimus
1275 4277 1379 4325 Ode

257 4350 297 4386 2.
317 4339 419 4387 Lib.
443 4342 479 4387 1.
513 4342 677 4389 urbem
710 4344 966 4392 Romanam
1000 4343 1138 4393 fuisse
1170 4344 1217 4390 in
1251 4342 1379 4408 Jovis

251 4404 496 4468 Capitofini
516 4407 680 4455 tutela.

895 2641 955 2678 21
988 2630 1182 2694 Direpta
1208 2633 1315 2680 Ven-
1345 2647 1387 2680 es
1419 2635 1554 2680 Glar-

1682 2644 1743 2692 23
1779 2630 1852 2677 clu
1862 2645 1922 2677 >as
1943 2629 2045 2676 Ian.

1520 2797 1577 2844 13
1617 2785 1835 2842 caverat,
1873 2782 1904 2829 i.
1945 2798 1986 2830 e.
2044 2781 2300 2829 Providerat
2342 2795 2408 2825 ne.
2472 2777 2585 2822 Vet-

1449 2849 1599 2897 Schol.
1666 2849 1789 2896 Bene
1834 2849 1972 2908 igitur
2014 2846 2203 2907 subjecit
2236 2842 2454 2921 provida.
2519 2841 2575 2888 Β.

1447 2914 1642 2962 Caverat
1666 2930 1722 2959 ne
1743 2913 1844 2975 quis
1861 2912 2001 2961 vitam
2021 2927 2075 2958 ex
2093 2910 2353 2974 captivitate
2369 2917 2585 2970 speraret,

1447 2980 1522 3027 scd
1541 2979 1691 3041 potius
1712 2994 1795 3040 pro
1812 2978 2015 3025 libertate
2037 2986 2305 3024 moreretur.
2340 2973 2482 3020 Sckol.
2517 2972 2583 3018 Z.

1515 3058 1573 3103 15
1610 3046 1730 3091 Bene
1753 3042 2005 3090 Lambinus
2027 3056 2132 3089 cum
2154 3039 2389 3088 Gulielmo
2406 3040 2581 3087 Cante-

1446 3124 1496 3155 ro
1520 3122 1567 3155 et
1585 3110 1694 3156 Vct.
1716 3108 1869 3155 schol.
1893 3107 2108 3169 Cruquii,
2123 3105 2320 3153 trahenti
2335 3105 2480 3165 posuit
2498 3117 2580 3165 pro

1443 3175 1673 3221 trahentis.
1741 3174 1965 3229 Trahenei,
2015 3172 2065 3218 h.
2117 3187 2157 3218 e.
2198 3170 2459 3217 traducenti.
2523 3168 2582 3216 B.

1447 3239 1609 3286 Trahit
1637 3241 1868 3302 perniciem
1910 3237 2111 3293 morbus»,
2139 3236 2337 3283 trahitur
2358 3247 2471 3299 pan
2491 3238 2583 3281 ein-

1438 3321 1539 3350 τινα
1576 3303 1841 3361 contagione
1877 3302 2070 3360 vitiosae,
2113 3301 2167 3348 ab
2203 3299 2347 3348 ἵλεω
2383 3300 2581 3358 trahere,

1438 3369 1557 3416 ulcus
1579 3381 1660 3416 est.
1703 3368 1756 3413 B.

1508 3433 1568 3482 16
1608 3436 1789 3480 Veniens
1834 3436 1880 3480 in
1918 3451 2002 3481 ιν.
2041 3432 2253 3481 futurum
2297 3430 2343 3477 in
2380 3441 2578 3492 tempus.

1438 3501 1585 3549 Schol.
1633 3501 1695 3548 Ζ.

1508 3577 1564 3626 17
1601 3564 1929 3612 Immiserabilae's
1954 3563 2090 3609 modo
2111 3576 2192 3622 pro
2212 3561 2506 3606 Immiserata.

1504 3643 1569 3679 20
1602 3631 1705 3677 Sine
1738 3633 1859 3685 caede,
1890 3628 1936 3674 h.
1968 3644 2007 3673 e.
2034 3629 2123 3673 sine
2156 3627 2434 3672 commissione
2459 3634 2574 3735 puli:

1437 3713 1516 3742 nae.
1561 3696 1673 3743 Vct.
1695 3693 1846 3741 Schol.
1878 3692 2017 3751 magis
2049 3702 2201 3738 tamen
2237 3689 2332 3736 sine
2362 3692 2467 3735 cede

1437 3763 1703 3825 ripe‘meium,
1733 3760 1853 3822 quod
1875 3756 2098 3804 efficacius
2120 3757 2174 3801 ad
2199 3755 2456 3801 Romanam
2479 3755 2572 3801 dia-

1439 3824 1651 3887 ciplinam
1675 3824 2010 3884 significandam
2030 3821 2223 3867 videtur.

1507 3901 1571 3946 24
1604 3890 1727 3937 Puto
1772 3891 1938 3936 Marte
1973 3886 2196 3948 pertinere
2238 3885 2294 3931 ad
2331 3895 2572 3949 utramque

1439 3954 1738 4002 sententiam:
1780 3954 1877 3999 vide·
1897 3970 2015 3997 arva
2040 3951 2210 3997 Marte
2227 3959 2385 4009 nostro,
2404 3967 2428 3997 a
2452 3952 2574 3998 mili-

1440 4020 1561 4068 tibus
1583 4018 1763 4074 nostris‚
1788 4018 2019 4081 populata,
2052 4017 2218 4062 Marte
2239 4030 2397 4072 noem,
2417 4016 2473 4063 ab
2494 4016 2574 4064 iis-

1441 4085 1546 4131 dem
1570 4084 1791 4131 militibus
1810 4082 2097 4143 nostris-,jam
2120 4080 2324 4142 captivis,
2340 4083 2422 4129 coli
2432 4102 2451 4135 ,-
2484 4097 2573 4144 qua

1443 4149 1618 4197 ratione
1637 4149 1889 4204 firmantur,
1906 4161 2009 4210 quae
2029 4145 2149 4193 dicta
2169 4156 2277 4194 sunt
2298 4148 2353 4194 ad
2371 4163 2415 4195 v.
2431 4145 2476 4195 8.
2511 4150 2579 4196 G.

1513 4227 1573 4273 25
1611 4213 1786 4260 lronice
1807 4212 1972 4260 dicitur
1991 4213 2165 4258 scilicet.

1510 4276 1573 4326 26
1609 4279 1846 4342 Flagitium
1861 4299 1878 4331 ,-
1915 4277 2085 4326 crimen
2108 4277 2294 4339 dignum
2314 4278 2478 4344 flagris,
2505 4281 2576 4328 vel

1445 4358 1620 4391 summa
1640 4343 1890 4407 turpitudo.
2476 4347 2485 4376 ⁷
