3000 4979
395 354 420 409 1
444 356 516 410 18
1083 351 1167 429 Q.
1217 350 1633 417 HORATII
1685 350 2027 419 FLACCI

751 527 993 593 Audita
1026 525 1361 591 Musarum
1396 527 1689 591 sacerdos

837 636 1214 723 Virginibus
1245 637 1587 723 puerisque
1620 646 1832 701 canto.

495 754 534 811 5
686 746 940 834 Regum
971 745 1401 812 timendorum
1431 748 1498 811 iu
1529 747 1821 832 proprios
1849 766 2094 833 greges,

671 857 885 944 Reges
917 855 983 920 in
1017 855 1187 941 ipsos
1220 856 1558 941 imperium
1592 870 1687 921 est
1719 855 1917 932 Jovis,

759 965 936 1030 Clari
970 965 1297 1054 Giganteo
1328 964 1675 1050 triumphO,

844 1074 1097 1140 Cuncta
1126 1075 1462 1160 supercilio
1493 1074 1828 1140 moventis.

677 1184 796 1248 Est
826 1197 898 1248 ut
928 1185 1067 1248 viro
1099 1185 1194 1248 vir
1214 1184 1404 1249 latius
1434 1184 1690 1250 ordinet

510 1307 586 1361 10
676 1295 962 1360 Arbusta
990 1293 1220 1371 sulcis;
1264 1293 1372 1359 hic
1401 1293 1772 1383 generosior

768 1405 1149 1471 Descendat
1182 1406 1248 1468 in
1284 1405 1600 1491 Campum
1633 1404 1909 1491 petitor3

848 1513 1148 1579 Moribus
1177 1514 1285 1579 hic
1316 1513 1665 1601 meliorque
1694 1513 1861 1579 fama

680 1623 1085 1701 Contendat3
1134 1624 1226 1688 illi
1257 1625 1447 1688 turba
1477 1622 1804 1688 clientium

685 1734 784 1799 Sit
814 1735 1053 1820 major:
1103 1733 1339 1817 AEQUA
1369 1735 1511 1824 lege
1545 1735 1898 1800 Necessitas

511 1852 588 1933 1⁸5
772 1844 1051 1909 Sortitur
1081 1846 1363 1934 insignes
1394 1861 1457 1911 et
1488 1848 1691 1922 imos;

860 1951 1073 2021 Omne
1102 1977 1306 2041 capax
1339 1970 1551 2021 movet
1585 1978 1744 2020 urna
1775 1974 2029 2017 nomen.

684 2062 1034 2130 Districtus
1065 2067 1233 2130 ensis
1263 2068 1366 2130 cui
1401 2089 1592 2152 supet·
1622 2064 1822 2150 impia

686 2172 951 2240 Cervice
982 2175 1238 2260 pendet,
1271 2197 1402 2239 non
1441 2176 1676 2241 Siculae
1708 2174 1905 2259 dapes

765 2288 1042 2354 Dulcem
1075 2290 1499 2356 elaborabunt
1530 2312 1856 2377 saporem3

507 2405 592 2461 20
861 2399 1014 2464 Nou
1045 2402 1258 2466 avium
1291 2402 1684 2488 citharaeque
1713 2413 1937 2466 cantus

1181 2620 1240 2670 17
1269 2609 1529 2659 Destrictus
1550 2610 1709 2657 Lan-b.
1731 2607 1879 2656 Bentl.
1898 2607 2004 2654 Ian.

415 2772 572 2831 sentit,
592 2784 806 2837 tanquam
828 2776 1012 2826 utilibus
1031 2788 1077 2826 et
1100 2777 1323 2842 proficuis.
1386 2778 1438 2825 B.
1484 2751 1553 2826 V.
1619 2776 1822 2826 cinellus.
1905 2775 1985 2823 Ab
2023 2774 2171 2830 arbos,
2218 2772 2466 2822 arbustum.
2518 2775 2766 2824 Vinearu-

419 2840 616 2900 Al’gum-
683 2843 744 2887 G.
1619 2854 1802 2892 satorem
1822 2843 1940 2889 dicit.
2004 2842 2115 2887 Vet.
2136 2838 2288 2886 Schol.

487 2918 516 2964 3
542 2905 754 2954 Sacerdos
791 2909 927 2955 modo
949 2923 1030 2970 pro
1049 2920 1193 2966 vates,
1230 2909 1301 2956 vel
1325 2910 1560 2973 interpres.
1695 2910 1962 2964 Οεηενωὶον,
1987 2920 2148 2967 genere
2170 2902 2431 2968 potentior3
2478 2903 2552 2951 vel
2570 2921 2769 2957 numero

425 2970 502 3016 Ad
526 2971 771 3032 Emphasin
794 2973 881 3022 hoc
898 2973 1031 3034 dixit,
1045 2989 1137 3037 quo
1158 2976 1413 3022 ostenderet
1446 2975 1560 3023 alio·
1625 2985 1672 3020 et
1694 2972 1896 3036 potentia
1917 2969 2273 3035 propinquorum
2296 2970 2529 3030 gratiosus.

424 3050 526 3082 rum
550 3035 802 3098 Ἃμουσὶειν.
1697 3053 1751 3086 11
1779 3040 1836 3085 In
1857 3049 2003 3102 campo
2044 3037 2227 3082 Martio
2262 3037 2434 3082 comitia
2469 3045 2595 3084 erant
2606 3039 2769 3103 populi

487 3114 518 3159 5
544 3102 601 3147 In
638 3107 836 3165 proprios
867 3122 1035 3168 greges,
1069 3105 1384 3165 quos-scilicet
1406 3117 1456 3152 ut
1479 3121 1558 3166 pe·
1627 3106 1823 3152 Romani.
1887 3104 2002 3150 Vet-
2025 3100 2179 3148 Schol-

422 3166 558 3213 cudes
580 3167 767 3225 agitant,
787 3170 997 3229 gravioris
1018 3180 1151 3231 atque
1173 3171 1415 3233 superioris
1431 3170 1557 3232 regni
1623 3224 1632 3233 ‚
1690 3182 1751 3218 12
1788 3168 2035 3230 Meliorque
2071 3166 2223 3230 posuit
2265 3182 2347 3229 pro
2386 3165 2549 3214 melior
2592 3178 2767 3229 etque3

421 3230 723 3279 immemores.
1287 3277 1293 3286 ,
1619 3236 1723 3283 ¹deo
1746 3234 1916 3281 Melior
1936 3244 1983 3279 et
2003 3251 2082 3295 que
2104 3233 2345 3294 separanda
2367 3232 2491 3280 duxi.
2554 3231 2612 3280 Β.
2648 3233 2769 3280 vid.

488 3293 521 3345 6
547 3296 677 3361 Reges
693 3301 740 3345 in
779 3300 920 3361 ipsos,-
966 3301 1143 3346 ostendis
1179 3319 1314 3349 omnes
1349 3304 1556 3349 vindictae
1631 3301 1702 3348 ad.
1724 3311 1769 3348 2.
1794 3311 1872 3359 19,
1888 3296 1968 3348 28·
2034 3298 2097 3343 G.

421 3364 639 3408 numinum
660 3363 887 3427 subjacere.
949 3364 1062 3411 Vet.
1082 3363 1236 3411 Schol·
1691 3377 1753 3420 14
1778 3364 2039 3423 Necessitas,
2054 3362 2205 3409 Mors.
2236 3363 2350 3410 Vet.
2370 3361 2523 3410 Schol.
2552 3362 2611 3410 Β.
2641 3364 2774 3411 Rec-

494 3438 520 3485 7
549 3428 760 3491 Giganteo
789 3430 1008 3489 triumpho
1023 3449 1039 3481 ,-
1104 3433 1392 3488 Argumento
1413 3448 1437 3476 a
1460 3447 1560 3477 ma·
1626 3443 1673 3478 te
1693 3444 1825 3477 sane:
1861 3430 1937 3475 sed
1959 3442 2050 3475 non
2073 3427 2184 3475 sola.
2204 3428 2270 3474 V.
2292 3441 2337 3474 1.
2358 3439 2386 3488 3
2390 3440 2440 3487 5.
2462 3439 2541 3487 17.
2560 3439 2608 3476 et
2620 3441 2669 3489 3.
2686 3442 2771 3488 24.

417 3492 516 3553 jore
541 3493 710 3549 utitur3
743 3492 893 3538 innuit
908 3492 1029 3537 enim
1047 3492 1225 3540 facilem
1238 3510 1330 3541 esse
1346 3497 1401 3541 de
1420 3496 1562 3557 Regi·
1627 3494 1673 3543 6.
1738 3496 1803 3541 G.
2152 3523 2155 3526 ·

426 3556 510 3602 bus
527 3569 573 3602 et
594 3557 826 3620 Tyrannis
844 3557 952 3620 Jovi
973 3556 1269 3620 triumphum.
1694 3558 1755 3606 16
1782 3560 1909 3606 Urna
1925 3577 1941 3605 .·
1993 3561 2077 3606 ἧσε
2111 3560 2329 3606 secundun
2367 3558 2603 3622 vulgares·
2636 3559 2768 3606 illan

442 3655 459 3670 .
496 3619 525 3667 8
543 3623 789 3684 Supercilio,
809 3623 856 3668 h.
887 3638 928 3667 e.
949 3635 1183 3668 contracto
1204 3634 1385 3670 tantum
1409 3640 1564 3685 super·
1626 3627 1877 3687 opinionem,
1943 3642 2001 3671 ua
2037 3624 2311 3689 affirmabant
2346 3632 2460 3670 sorte
2497 3626 2685 3687 singulos
2711 3627 2778 3671 ad

422 3684 547 3739 cilio,
582 3689 702 3747 quod
718 3700 856 3734 nutus
867 3703 1007 3748 genus
1023 3700 1106 3733 est.
1153 3688 1207 3733 B.
1253 3690 1328 3735 Ad
1346 3689 1564 3735 Homeri·
1627 3704 1803 3737 mortens
1827 3690 1882 3736 ab
1948 3708 2016 3737 rco
2037 3690 2174 3736 trahs'.
2205 3690 2318 3736 Vct.
2340 3688 2492 3735 Schol.
2528 3689 2581 3736 B.
2614 3690 2767 3737 Nem-

426 3765 534 3797 cum
557 3750 669 3798 illud
686 3751 865 3809 alludit,
897 3750 928 3804 ἦ
945 3752 1025 3799 καὶ
1047 3752 1276 3800 κυανέοισιν
1296 3753 1367 3800 iae’
1398 3752 1566 3819 ὄφρῦσιν
1629 3771 1685 3817 pe
1724 3754 1823 3802 haec
1859 3766 1927 3801 est
1961 3755 2037 3802 ina
2068 3756 2218 3819 μοῖραι,
2239 3755 2477 3801 Parcarum
2501 3768 2632 3815 opus,
2648 3769 2767 3816 qua-

422 3816 536 3864 νιῧη
580 3816 980 3881 lignium—piata
1012 3814 1048 3863 δ’
1090 3817 1279 3878 immega
1320 3817 1523 3879 ὄλυμπον
1542 3848 1561 3861 -
1624 3835 1730 3868 rum
1745 3835 1835 3868 una
1851 3822 2077 3874 Lachesis,
2094 3836 2118 3865 a
2136 3819 2366 3867 sortiendo
2383 3817 2477 3866 ἀεὶ
2491 3818 2571 3865 τοῦ
2592 3823 2768 3883 λαχεῖν

427 3882 547 3929 unde
569 3881 714 3945 ipsum
741 3885 947 3930 Numinis
970 3898 1135 3929 nomen
1151 3896 1304 3930 ortum
1323 3896 1404 3932 est.
1455 3887 1561 3932 Nu·
1623 3897 1827 3933 vocatur.
1889 3885 2009 3933 Hac
2026 3885 2102 3931 illa
2119 3884 2297 3932 sortitio
2313 3885 2586 3940 animarum,
2603 3886 2660 3932 de
2677 3903 2769 3949 qua

425 3958 500 3993 tus
522 3944 568 3991 in
593 3943 854 4009 superciliis,
873 3949 1104 3996 character
1123 3965 1315 3996 summae
1354 3951 1561 4012 majesta-
1624 3964 1733 3998 nota
1757 3952 1962 3998 Platonis
1989 3950 2160 4009 fabula,
2195 3962 2243 3998 et
2263 3948 2408 3997 multa
2428 3948 2686 4014 philosophi
2706 3952 2764 3999 ab

425 4010 551 4069 tis,si
568 4025 693 4070 nutu,
706 4017 908 4072 animine,
923 4017 1089 4061 numine
1105 4015 1240 4062 modo
1255 4031 1366 4079 opus
1382 4027 1463 4062 est.
1498 4018 1562 4063 G.
1626 4017 1880 4064 Heraclito.
1949 4017 2012 4063 G.

494 4089 526 4139 9
551 4075 636 4124 Est
655 4097 671 4123 .·
724 4079 768 4125 h.
790 4096 832 4127 e.
896 4080 998 4127 Usu
1030 4081 1173 4135 venit,
1200 4080 1270 4127 vel
1291 4092 1440 4144 potest
1454 4081 1566 4128 fieri.
1694 4093 1754 4140 17
1782 4082 2025 4130 Distu-ictus
2043 4102 2060 4134 ‚·
2097 4079 2349 4128 Notissima
2370 4092 2440 4127 est
2461 4080 2516 4127 de
2538 4080 2769 4132 Damocle

373 4193 386 4204 -
431 4142 615 4190 Frustra
654 4143 884 4191 Bentleius
919 4146 974 4193 dc
996 4160 1078 4192 suo
1099 4147 1293 4193 mutavit
1313 4162 1377 4194 est
1397 4146 1445 4193 in
1467 4156 1567 4194 esto.
1629 4159 1764 4211 atque
1785 4147 2012 4211 Dionysio
2031 4146 2232 4196 historia.
2277 4145 2459 4194 B.-V.
2502 4146 2602 4194 Cic.
2618 4148 2770 4199 Tusc.

434 4209 498 4254 Z.
566 4207 707 4253 Plane
731 4209 919 4256 eandem
943 4210 1035 4256 vim
1057 4210 1130 4257 hic
1152 4211 1288 4258 habet
1313 4226 1394 4269 est,
1429 4228 1565 4274 quam
1628 4225 1677 4273 5.
1698 4228 1737 4259 c.
1764 4224 1842 4261 21.
1908 4215 1971 4260 G.

428 4287 527 4320 esto.
562 4273 785 4320 Concedit
810 4273 1158 4337 inaequalitatem
1183 4275 1490 4333 fortunarum,
1514 4290 1566 4324 ut
1698 4275 1759 4325 18
1807 4277 1960 4325 Siculae
1990 4280 2151 4341 dapem
2212 4276 2494 4342 Euganeos-ln
2537 4277 2768 4343 τράπεζαι,

432 4337 597 4388 inserat
613 4354 901 4385 communem
922 4341 1227 4388 necessitatem
1244 4342 1482 4390 moriendi.
1506 4346 1589 4390 G..
1632 4344 1681 4389 h.
1718 4359 1760 4391 e.
1795 4343 2074 4409 Syracusana
2113 4361 2274 4399 ama,
2316 4344 2494 4392 Graecis
2530 4347 2770 4408 proverbio

499 4419 561 4454 10
577 4405 792 4460 Arbusm,
809 4405 974 4455 arbores
994 4407 1152 4455 vitibus
1168 4425 1372 4457 connexe..
1423 4412 1569 4457 ,Matt-
1634 4421 1745 4456 erat.
