3000 4979
799 325 868 399 J,
908 320 1009 390 M.
1057 319 1475 391 GESNERI
1525 317 2062 390 PRAEFATIO.
2493 326 2588 393 vii

262 520 921 618 interpretamenta
952 513 1333 603 habemus,
1367 511 1551 588 mire
1584 511 1760 587 inde
1795 511 2265 610 adjuvaretur
2295 511 2579 612 jucun-

265 643 530 719 dissimi
594 652 845 741 poetae
902 637 1415 737 intelligentia.
1524 635 1669 711 Sed
1722 634 2122 710 dolendum
2178 648 2313 727 est,
2366 639 2472 714 ita
2522 665 2571 717 a

257 765 779 865 posterioribus
813 763 1138 863 priorum
1180 761 1463 837 labores
1494 786 1654 837 esse
1691 772 2100 859 corruptoS‚
2154 772 2566 855 truncatos,

259 889 766 989 interpolatos,
816 887 926 962 uti
988 911 1189 962 nunc
1243 911 1428 985 opus
1477 886 1576 959 sit
1625 885 1923 960 homine
1984 886 2271 959 subacti
2323 886 2564 961 multo

259 1038 391 1087 usu
424 1024 501 1086 et
534 1011 764 1110 longa
802 1010 1336 1086 consuetudine
1374 1009 1673 1108 judicii,
1734 1011 1859 1109 qui
1895 1010 2160 1085 veteris
2210 1033 2562 1109 purpurae

250 1136 577 1225 laciniaS,
603 1135 983 1210 interdum
1018 1135 1143 1209 vix
1174 1132 1576 1224 filamenta,
1611 1155 1868 1209 eruere
1903 1158 1997 1207 ex
2032 1133 2190 1208 istis
2219 1136 2556 1210 centoni-

249 1260 411 1349 bus,
464 1271 549 1335 et
580 1258 761 1333 inde
793 1257 1039 1334 lucem
1089 1282 1293 1334 suam
1333 1259 1507 1334 dare
1545 1257 1864 1334 Horatio
1911 1257 2162 1357 possit.
2259 1257 2346 1332 Si
2387 1258 2560 1357 quis

249 1383 408 1458 talis
471 1382 952 1458 nanciscatur
990 1382 1225 1456 ¹etiam
1275 1380 1949 1480 antiquissimorum
2012 1382 2545 1481 exemplarium

244 1508 556 1606 copiam,
586 1519 665 1582 et
686 1504 1035 1581 adhibeat
1058 1505 1158 1580 ad
1185 1529 1345 1579 eam
1373 1530 1528 1579 rem
1558 1505 1990 1604 patientiam
2017 1504 2190 1580 satis
2217 1504 2550 1604 longam,

246 1630 365 1707 ille
413 1632 604 1707 forte
650 1630 836 1711 hinc
876 1629 1063 1706 inde
1103 1628 1358 1705 ,adhuc
1402 1628 1596 1704 ultra
1631 1630 2032 1703 Baxterum
2070 1627 2342 1703 Flacco
2374 1654 2542 1728 pro-

256 1753 456 1828 desse
488 1766 725 1853 queat.

341 1875 625 1975 Nempe
677 1877 779 1952 ad
830 1877 975 1953 hoc
1029 1903 1231 1954 nunc
1276 1877 1729 1954 veniendum
1785 1887 1921 1951 est.
2026 1876 2546 1952 W1LL1nnmus

236 2005 719 2094 Immune,
770 2004 881 2077 vir
913 2006 1209 2095 doctuS,
1239 2002 1592 2079 Richardi
1623 2002 1886 2078 nobilis
1907 2000 2275 2100 Theologi
2307 2003 2542 2078 fratre

223 2133 545 2230 genium,
562 2146 854 2222 ὀψιμαθὴς
874 2130 995 2206 ille
1017 2131 1346 2229 quidem,
1367 2130 1497 2205 sed
1518 2131 1698 2205 item
1720 2143 1966 2204 tamen
1994 2143 2530 2225 πολυμαθέστατος,

224 2257 344 2355 qui
377 2257 455 2330 in
492 2256 730 2331 literis
765 2255 1189 2355 antiquariis
1212 2254 1733 2330 Britannorum
1768 2278 2094 2343 suorum,
2130 2266 2290 2328 tum
2318 2254 2532 2331 Grae·

220 2405 470 2455 corum
512 2380 1200 2478 Romanorumque,
1236 2391 1313 2454 et
1345 2378 1815 2453 institutione
1849 2401 2275 2474 puerorum,
2334 2391 2413 2453 et
2445 2405 2535 2456 re

211 2506 444 2596 tenui,
498 2505 918 2593 consenuit,
971 2516 1233 2579 auctor
1285 2505 1638 2579 Glossarii
1670 2502 2189 2599 Antiquitatum
2224 2503 2525 2578 Britan-

210 2629 558 2719 niem,
618 2628 827 2703 dedit
861 2628 1183 2703 Londini
1209 2651 1579 2718 clomccl,
1619 2640 1780 2702 svo.
1820 2628 1912 2709 Q.
1945 2627 2256 2703 Horatii
2277 2629 2529 2702 Flacci

214 2754 553 2850 Eclogas,
609 2776 780 2826 cum
816 2752 1110 2827 scholiis
1130 2754 1497 2850 proecipue
1535 2754 1980 2850 antiquorum
2016 2753 2524 2827 Grammatico-

210 2898 389 2967 rum,
434 2876 750 2951 Helenii
778 2875 1134 2968 Acronis,
1187 2876 1724 2977 Pomponiique
1762 2874 2314 2974 PorphyrioniS‚
2348 2900 2524 2973 quo-

204 3025 360 3073 mm
387 3001 739 3097 reliquias
757 3001 987 3094 sadis
1018 3001 1671 3097 interpolationibus
1693 3009 2051 3096 purgatas
2084 3022 2168 3071 ac
2190 3001 2368 3090 sere
2400 3000 2520 3073 in-

204 3135 447 3219 tegras
493 3147 842 3220 reponere
895 3147 970 3196 se
1021 3125 1357 3223 putabat.
1462 3123 1734 3210 Utrum
1771 3146 1906 3195 suo
1937 3120 2163 3194 solius
2205 3122 2516 3218 ingenio

193 3258 270 3323 et
286 3243 592 3347 judicio
623 3247 705 3320 in
729 3269 1048 3320 censura
1074 3245 1209 3320 ‚illa
1232 3244 1687 3343 delectuque
1723 3255 2045 3317 versatus
2079 3243 2196 3330 sit,
2249 3267 2344 3316 an
2380 3245 2518 3318 ad·

180 3367 493 3466 jumenti
534 3370 949 3469 quidquam
972 3395 1080 3446 ex
1112 3369 1433 3469 antiquis
1465 3368 1670 3442 libris
1702 3365 2070 3455 habuerit,
2107 3388 2508 3470 nusquam,

191 3510 397 3591 puto,
465 3492 817 3568 indicat:
887 3493 1018 3567 sed
1080 3493 1258 3568 dum
1319 3492 1413 3568 de
1471 3490 1834 3591 praesidiis
1882 3491 2213 3567 externis
2271 3502 2506 3583 tacet,

189 3614 480 3708 fitetur,
533 3616 797 3703 cred0,
848 3615 1047 3690 nulla
1081 3640 1159 3690 se
1194 3615 1553 3689 habuisse.

188 3831 203 3841 l
280 3740 651 3816 Ceterum
682 3738 866 3812 mihi
898 3763 1055 3813 non
1086 3750 1198 3813 est
1230 3737 1570 3825 dubium,
1601 3740 1782 3836 quin
1820 3736 2255 3837 plerumque
2291 3749 2506 3813 certe

185 3861 361 3938 bene
380 3863 757 3962 judicarit
788 3863 907 3936 vir
933 3862 1316 3936 reconditoe
1346 3862 1789 3951 eruditionis,
1826 3874 1909 3935 ut
1933 3859 2142 3933 illum
2169 3858 2498 3957 appellat

191 4007 471 4064 severus
521 4009 797 4064 censor
831 3985 1217 4066 Bentleius
1259 3986 1354 4063 ad
1391 3986 1636 4060 Carm.
1699 3998 1762 4059 1.
1802 3998 1874 4059 3.
1916 3996 2082 4075 20.;
2140 3982 2266 4081 qui
2301 3984 2499 4060 docti.

256 4252 288 4288 ⁸
323 4252 441 4320 Qui
484 4252 569 4314 de
595 4249 709 4311 viri
736 4251 860 4311 vita
884 4262 948 4311 et
992 4250 1156 4314 libris
1201 4250 1372 4312 editis
1415 4250 1767 4329 ineditisque
1815 4249 2020 4314 doceri
2058 4252 2284 4326 volunt,
2322 4251 2502 4317 adire

210 4347 388 4418 debent
417 4358 808 4439 Biographiae
838 4356 1192 4420 Britannicae
1219 4367 1441 4420 tornum
1468 4355 1746 4437 primum.
