3000 4979
894 333 1445 404 SERMONUM
1492 335 1649 400 Lm.
1701 334 1755 399 Ι.
1801 333 1865 399 6.
2420 342 2548 400 385

1065 722 1324 804 SATI
1340 722 1494 804 ΒΑ
1557 722 1711 803 VI.

767 964 844 1012 IN
873 964 1240 1013 DERISORES
1281 964 1661 1014 NATALIUM
1693 962 2003 1012 suoRuM.

207 1119 352 1169 Cum
375 1116 617 1175 Horatius,
643 1115 856 1164 libertino
877 1129 1001 1180 patre
1023 1129 1175 1177 natus,
1198 1135 1223 1165 a
1246 1118 1508 1166 Maecenate
1528 1116 1575 1164 in
1601 1130 1841 1165 numerum
1867 1116 2113 1164 amicorum
2136 1113 2304 1166 relatus
2324 1129 2454 1167 esset:
2479 1119 2555 1168 in·

283 1183 410 1231 vidis
433 1182 703 1239 multorum,
732 1182 939 1244 inprimis
960 1182 1199 1240 nobilium,
1235 1183 1338 1230 inde
1371 1195 1601 1231 commota
1623 1197 1716 1230 esse
1739 1182 1934 1229 videtur.
1999 1183 2155 1243 Quare
2174 1181 2251 1231 hic
2270 1183 2554 1245 potissimum

285 1249 381 1296 hoc
403 1248 512 1307 agit,
541 1259 594 1294 ut
615 1248 918 1294 Maecenatem
941 1247 1166 1294 defendat.
1217 1247 1334 1304 Etsi,
1365 1248 1534 1310 inquit,
1563 1259 1634 1305 tu,
1664 1246 1916 1303 Maecenas,
1955 1245 2164 1294 omnium
2184 1248 2485 1296 Etruscorum
2508 1266 2557 1298 es

287 1312 683 1374 generosi-isimon
718 1326 812 1358 non
834 1324 985 1358 tamen
1008 1327 1102 1369 me,
1130 1323 1182 1360 ut
1204 1312 1402 1375 plerique
1425 1311 1615 1368 nobiles,
1645 1309 1841 1372 spernis:
1874 1325 1980 1357 nam
2003 1325 2096 1358 non
2116 1321 2211 1357 tam
2230 1327 2389 1371 genus,
2417 1329 2558 1375 quam

280 1379 493 1425 animum
513 1389 562 1425 et
583 1392 732 1425 mores
752 1390 937 1438 spectas·
989 1377 1083 1424 Scis
1107 1378 1250 1434 enim,
1277 1377 1445 1425 multos
1475 1376 1641 1423 humili
1662 1375 1764 1424 loco
1787 1386 1934 1432 natos,
1950 1375 2089 1422 fuisse
2118 1376 2283 1438 probos
2302 1389 2350 1425 et
2369 1378 2560 1427 honori·

289 1444 379 1490 bus
399 1443 509 1504 reip.
528 1453 730 1499 ornatos,
757 1453 804 1488 et
836 1454 992 1489 contre
1024 1441 1320 1489 nobilissimos
1341 1441 1549 1488 homines
1569 1441 1628 1487 ob
1650 1440 1757 1486 vitae
1778 1440 2104 1502 turpitudinem
2136 1440 2291 1488 tulisse
2314 1442 2559 1505 repulsam.

291 1509 615 1554 Veruntamen
651 1521 751 1563 nos,
779 1506 857 1568 qui
879 1518 925 1553 et
945 1521 1107 1565 genere
1127 1518 1175 1553 et
1196 1507 1428 1555 sententiis
1458 1522 1483 1553 a
1509 1506 1646 1566 vulgo
1676 1504 1994 1565 discrepamus,
2020 1519 2113 1552 non
2144 1505 2359 1555 debemus
2390 1510 2559 1572 maJore

290 1584 523 1636 appetere,
535 1586 591 1618 ne
607 1570 653 1617 in
666 1571 878 1618 invidiam
894 1583 940 1618 et
951 1572 1123 1634 justam
1140 1570 1375 1619 hominum
1391 1570 1670 1617 incurramus
1686 1567 2092 1631 reprehensionem,
2107 1580 2160 1616 ut
2174 1569 2343 1618 Tillius
2359 1572 2561 1634 quidam,

291 1650 345 1685 et
378 1636 454 1683 alii
490 1635 718 1695 ignobiles.
783 1638 938 1697 Atque
961 1636 1106 1697 ipsum
1128 1651 1221 1693 me,
1249 1635 1459 1683 libertino
1494 1646 1620 1697 pstre
1651 1645 1829 1690 netum,
1857 1648 2015 1681 omnes
2046 1632 2304 1681 clanculum
2337 1639 2566 1694 mordent,

295 1702 412 1749 olim
432 1701 555 1764 quod
576 1701 810 1749 cohortem
832 1701 1057 1757 duxerim,
1089 1715 1210 1748 nunc
1231 1715 1356 1757 vero,
1373 1700 1495 1761 quod
1516 1699 1619 1757 tibi,
1637 1698 1891 1755 Maecenas,
1911 1698 1995 1745 sim
2018 1698 2265 1755 convictor,
2285 1715 2562 1764 quamquam

295 1766 480 1829 injuria.
542 1765 685 1822 Nam,
712 1780 794 1828 pro
815 1779 894 1812 tus
915 1764 964 1811 in
988 1765 1142 1813 amicis
1161 1764 1405 1825 deligendis
1435 1763 1681 1824 diligentia,
1707 1778 1799 1809 non
1825 1778 1931 1809 casu
1964 1778 2035 1809 me
2063 1763 2181 1811 inter
2204 1774 2310 1812 tuos
2339 1766 2565 1829 recepisti,

297 1833 381 1879 sed
412 1831 776 1879 commendatum
799 1846 826 1877 a
846 1829 1043 1889 Virgilio
1063 1830 1320 1891 Varioque,
1347 1840 1394 1877 et
1416 1845 1442 1875 a
1462 1840 1606 1876 temet
1639 1828 1734 1890 ipso
1763 1839 2035 1889 spectatum,
2064 1827 2170 1889 quia
2190 1842 2314 1876 meos
2336 1844 2484 1878 mores
2515 1844 2568 1880 et

304 1897 448 1943 vitam
466 1894 682 1959 probasti,
710 1910 846 1957 quam
867 1895 1028 1957 optimi
1048 1894 1185 1956 patris
1207 1910 1325 1942 curae
1346 1905 1392 1941 et
1411 1893 1516 1941 fidei
1536 1891 1693 1950 debeo,
1724 1892 1802 1954 qui
1824 1892 1871 1938 in
1894 1907 1966 1939 me
1985 1891 2264 1941 instituendo
2284 1894 2422 1942 nullis
2438 1910 2568 1943 sum-

304 1961 426 2008 tibus
460 1960 677 2025 pepercit.
742 1960 894 2022 Quare
932 1974 1015 2006 nec
1048 1958 1210 2006 melior
1240 1972 1382 2022 pater,
1411 1974 1495 2007 nec
1518 1957 1682 2020 gratior
1701 1958 1807 2005 vitre
1828 1957 2027 2005 conditio
2058 1956 2317 2018 contingere
2349 1961 2566 2027 potuisset

506 2178 692 2256 Non,
740 2179 912 2264 quia,
969 2173 1311 2254 MaecenaS,
1346 2174 1681 2262 Lydorum
1711 2172 2017 2260 quicquid
2043 2172 2353 2242 Etruscos

506 2288 790 2353 Incoluit
817 2287 999 2366 fineS,
1044 2308 1240 2351 nemo
1269 2285 1640 2374 generosior
1668 2295 1763 2347 est
1793 2297 1857 2347 te
1874 2307 1893 2360 3

506 2397 672 2476 Nec,
719 2398 893 2485 quod
923 2421 1078 2463 avus
1109 2398 1226 2463 tibi
1258 2407 1586 2461 maternus
1616 2394 1737 2459 fuit
1765 2403 1958 2481 atque
1986 2406 2309 2480 patenum,

503 2507 683 2574 Olim
715 2510 826 2596 qui
856 2510 1107 2597 magnis
1139 2507 1504 2598 legionibus
1535 2505 2015 2592 imperitarent3

377 2628 419 2683 5
515 2617 613 2683 Ut
640 2619 928 2705 plerique
956 2619 1180 2696 solent,
1216 2604 1384 2682 'naso
1413 2614 1746 2702 suspendis
1776 2614 2029 2680 adunco

511 2727 803 2816 IgnotoS,
852 2742 924 2794 ut
952 2751 1054 2792 me
1083 2727 1383 2794 libertino
1411 2739 1595 2813 patre
1623 2738 1882 2790 natum:

515 2837 684 2903 Cum
716 2837 952 2905 referre
981 2863 1198 2929 negaS,
1245 2837 1419 2926 quali
1450 2837 1534 2901 sit
1562 2836 1829 2923 quisque
1859 2845 2126 2921 parente

512 2946 739 3029 Notae,
788 2948 942 3015 dum
974 2952 1309 3039 ingenuus..
1401 2946 1757 3012 Persuades
1783 2946 1910 3011 hoc
1938 2945 2057 3010 tibi
2087 2967 2254 3022 vere,

243 3133 288 3176 4
319 3118 627 3181 imperitarent
656 3125 806 3175 Bentl.
838 3144 895 3175 ex
928 3127 1088 3177 MSS.
1118 3128 1432 3191 imperitarunt
1468 3124 1532 3171 Ζ.
1559 3135 1602 3170 et
1627 3121 1768 3171 caah.
1797 3121 2097 3187 imperitarint
2116 3121 2179 3169 al.
2197 3116 2479 3184 imperitarit.
2512 3118 2585 3169 H.

1158 3205 1185 3253 7
1222 3208 1355 3254 neges
1382 3191 1491 3256 conj.
1512 3186 1687 3252 Boufin.

693 3381 823 3430 SAT
869 3383 941 3429 V1
1454 3341 1607 3392 Schol.
1627 3342 1770 3405 Cruq.
1802 3340 1948 3389 Hunc
1970 3339 2170 3390 sonitum
2187 3338 2471 3389 Rhonchum
2486 3337 2589 3386 dix-

822 3413 838 3429 “
943 3415 957 3429 ”
1454 3421 1618 3456 crunt:
1658 3408 1885 3472 Nusquam
1908 3409 2086 3471 majores
2112 3407 2300 3454 rhoncht'.
2340 3404 2599 3451 Martiali&

321 3478 347 3513 1
386 3465 540 3530 Lydia
572 3471 780 3531 quondan
817 3469 1008 3534 profecti
1041 3471 1243 3518 incoluere
1293 3470 1392 3518 He·
1454 3472 1508 3538 [†
1518 3475 1711 3521 Veteres
1725 3473 1771 3520 in
1788 3472 1873 3520 hac
1887 3471 2081 3519 formula
2100 3471 2313 3535 loquendi
2328 3467 2401 3516 vel
2415 3468 2589 3516 irrisio-

252 3534 470 3579 ruriam.
503 3532 618 3579 Vet.
639 3533 790 3581 Schol.
854 3535 939 3582 Est
968 3546 1121 3582 autem
1156 3535 1231 3582 hic
1258 3535 1393 3583 Ἀνι-
1456 3554 1562 3586 nem
1587 3550 1634 3585 et
1655 3537 1887 3586 fastidium
1913 3537 2185 3599 junxerunt,
2215 3536 2287 3583 vel
2308 3545 2466 3582 utrum
2489 3548 2588 3581 me·

252 3596 480 3644 timebor
511 3598 700 3657 Figunt
739 3599 902 3647 Posuit
936 3600 1057 3646 enim
1095 3615 1176 3662 pro
1210 3604 1389 3649 omniun
1454 3604 1545 3651 lius
1576 3604 1842 3652 conveniret
1862 3602 2140 3650 dubitarunt.
2186 3599 2490 3648 Hennes-bus.
2529 3597 2588 3646 ad

254 3665 337 3725 qui
381 3662 587 3709 incolum
599 3683 617 3717 ‚-
664 3666 865 3728 quicquid
906 3665 1097 3724 incoluit,
1132 3665 1253 3728 quod
1296 3667 1391 3715 Co·
1456 3667 1652 3717 Lucian.
1684 3667 1803 3715 Dial.
1824 3668 1970 3714 Mort-
1992 3664 2039 3713 6.
2057 3664 2128 3728 4.]

257 3726 397 3772 micae
418 3725 701 3787 negligentia!
722 3740 806 3776 est.
1523 3735 1554 3782 ὁ
1588 3733 1750 3781 Minus
1772 3742 1839 3780 est
1862 3732 2003 3779 Notus
2062 3741 2166 3778 uam
2202 3728 2394 3788 Nobilis,
2422 3740 2469 3778 et
2490 3744 2591 3777 ma·

323 3804 361 3848 4
395 3792 591 3856 Magnis
611 3797 686 3855 qm·
698 3793 893 3858 gentibus
915 3797 1235 3859 imperitarunt.
1286 3797 1389 3846 Lu·
1449 3799 1524 3861 Jus
1557 3798 1735 3863 Ignotus
1757 3813 1894 3860 quam
1916 3797 2028 3860 Igno
2057 3795 2129 3842 ilis
2143 3815 2161 3842 .-
2197 3810 2303 3844 nam
2337 3806 2385 3843 et
2406 3796 2591 3844 Servius

254 3856 431 3903 cretius
452 3856 537 3904 111.
561 3870 702 3914 10⁴¹·
723 3870 1000 3906 monstrante
1021 3860 1267 3909 Lambino.
1456 3863 1644 3911 Tullius
1665 3862 1872 3928 Ignobilis
1894 3873 2009 3919 erat,
2038 3876 2131 3909 non
2152 3861 2308 3908 itidem
2330 3860 2527 3924 Igu-om.

329 3921 494 3980 Longe
515 3922 677 3969 melius
700 3925 997 3987 imperitarent
1019 3925 1231 3984 Bentleii,
1259 3941 1395 3988 quam
1523 3929 1729 3989 Augusti
1750 3943 1851 3976 aevo
1869 3927 2090 3975 libertinus
2111 3925 2231 3973 idem
2252 3937 2350 3974 erst
2366 3925 2446 4000 qui
2467 3935 2515 3972 et
2535 3923 2597 3973 Ie·-

257 3988 575 4049 iapen'saerinr.
640 3987 693 4033 ln
715 3988 802 4035 hoc
823 3999 1029 4051 tempore
1059 3990 1218 4052 saepius
1238 3991 1398 4039 alluci·
1458 3992 1605 4041 bertus
1618 4015 1635 4048 ‚-
1671 3993 1783 4042 olim
1805 4003 1959 4040 autem
1980 3992 2207 4039 libertinus
2237 3988 2388 4038 liberti
2418 4002 2514 4038 erat
2534 3990 2592 4036 fi-

260 4061 437 4097 nantur
461 4051 661 4098 Librarii
694 4052 985 4111 indoctiores,
1016 4054 1075 4101 ob
1106 4067 1245 4103 tenue
1278 4068 1397 4104 tem·
1459 4057 1564 4105 lius.
1596 4058 1652 4106 B.
1731 4056 1870 4105 Hanc
1912 4055 2246 4104 distinctionem
2286 4070 2381 4104 esse
2416 4054 2595 4111 falsam,

256 4130 425 4178 porum
448 4116 705 4164 discrimen.
1462 4123 1617 4171 docuit
1632 4123 1848 4170 Ernestus
1864 4122 1912 4168 in
1928 4121 2067 4169 Clave
2082 4132 2130 4168 et
2146 4122 2203 4167 ad
2220 4121 2409 4169 Sueton.
2430 4120 2597 4168 Claud.

333 4192 365 4239 5
403 4180 530 4228 Naso
557 4184 774 4246 suspendis
803 4184 991 4239 aduncof
1035 4185 1149 4248 qnod
1171 4187 1302 4250 vulgo
1331 4186 1401 4232 δι’·
1463 4199 1545 4244 24.
1578 4187 1718 4234 iidem
1739 4186 1863 4234 enim
1886 4198 1993 4234 sunt
2015 4183 2161 4233 liberti
2184 4196 2231 4232 et
2252 4184 2469 4232 libertini.
2521 4184 2593 4233 Hi

265 4258 373 4292 cm
413 4245 641 4294 derasus.
689 4247 802 4295 Vet.
838 4248 990 4297 Schol.
1076 4250 1166 4312 Qu·
1206 4253 1404 4298 irridenti
1465 4252 1680 4300 dicuntur
1710 4251 1992 4315 simpliciter,
2021 4252 2098 4298 sed
2128 4249 2280 4299 liberti
2309 4251 2357 4297 in
2379 4250 2598 4299 relatione

261 4309 453 4357 honines
485 4329 648 4359 cannas
665 4312 853 4376 faciunt
869 4333 886 4359 .·
919 4326 980 4361 est
1005 4324 1145 4363 auten
1179 4332 1315 4363 sanna
1335 4318 1403 4362 ri·
1465 4317 1523 4363 ad
1576 4329 1804 4365 atronum.

253 4392 334 4421 sur
380 4377 541 4422 solnm
571 4395 711 4426 eorn-
742 4380 820 4441 φη·
848 4380 1021 4427 detortis
1069 4380 1246 4429 naribus
1290 4383 1405 4427 soni·
1534 4332 1574 4430 ἔ
1601 4381 1729 4428 Mire
1753 4394 1799 4429 et
1823 4382 2031 4430 audacter
2061 4381 2210 4446 posuit
2250 4380 2449 4448 ingenuus
2466 4399 2483 4428 .·
2518 4398 2600 4444 po-

255 4450 354 4488 su-
397 4446 603 4491 eniteant
645 4445 690 4490 in
732 4444 916 4508 alicujus
956 4445 1221 4509 fastidium.
1292 4447 1405 4494 Vct.
1468 4459 1559 4496 test
1582 4447 1706 4495 enim
1728 4463 1821 4496 esse
1843 4450 2048 4512 ingenuus
2082 4446 2300 4505 moribus,
2331 4447 2410 4509 qui
2442 4446 2605 4495 natali-
