3000 4979
485 353 591 418 xvi
742 346 873 413 DE
921 344 1556 413 TEMPORIBUS
1604 322 2124 421 LIBRORUM
2175 347 2592 418 HORATII

477 550 697 627 quem
734 524 902 599 vide
938 521 1198 621 Elegia
1235 521 1301 596 I.
1335 520 1503 594 libri
1541 521 1767 610 tertii,
1823 548 1892 595 v.
1932 530 2002 601 7.
2041 534 2117 596 et
2158 532 2273 603 17.
2312 526 2414 601 ita
2458 529 2775 625 Proper.

478 653 616 726 tius
650 648 860 747 Eleg.
903 651 965 723 1.
1002 647 1352 746 librorum
1410 643 1517 716 II.
1583 643 1730 716 III.
1800 655 1876 718 et
1935 643 2070 718 IV.
2132 659 2217 721 ut
2272 660 2348 723 et
2402 650 2609 726 Libri
2668 653 2774 727 II.

478 772 740 872 Elegia
772 771 871 845 X.
910 798 979 845 v.
1018 782 1137 844 25.
1175 781 1250 843 et
1287 767 1505 841 XIX.
1543 794 1613 842 V.
1657 776 1777 841 39.
1842 769 1948 842 ita
2021 771 2367 865 Virgilius
2425 774 2780 849 Bucolica

480 894 716 985 dedit,
750 895 859 968 uti
895 906 1101 992 patet
1134 918 1228 967 ex
1249 893 1512 967 ultimo
1539 891 1693 982 illo,
1716 893 2135 967 Ea’tremum
2160 897 2368 986 hunc,
2395 898 2780 988 Arethusa,

478 1021 651 1094 mihi
707 1021 1002 1093 concede
1060 1014 1363 1090 laborem
1392 1048 1415 1087 .·
1492 1016 1599 1088 ita
1633 1017 1843 1090 Naso
1910 1016 2273 1091 Amorum
2310 1030 2386 1094 et
2422 1019 2781 1095 Tristium

483 1157 561 1219 et
594 1142 1072 1218 Ponticorum
1103 1139 1354 1229 libros,
1388 1139 1549 1237 ipso
1585 1142 1818 1212 teste:
1874 1139 1978 1213 ita
2005 1143 2276 1214 Statius
2310 1140 2537 1217 Silvas
2568 1168 2733 1219 suas
2764 1171 2783 1217 ε

480 1269 589 1343 ita
623 1268 1004 1342 Martialis
1038 1264 1620 1363 Epigrammata,
1647 1275 1733 1336 ut
1769 1259 2242 1338 Praefationes
2276 1289 2531 1339 eorum
2568 1267 2788 1367 fidem

481 1388 814 1463 faciunt:
871 1389 974 1462 ita
1009 1388 1310 1462 Persius
1345 1384 1660 1476 Satiras;
1719 1387 2082 1460 Phaedrus
2143 1399 2219 1462 et
2281 1391 2599 1463 Avienus
2660 1390 2793 1465 Fa-

482 1515 743 1591 bulas:
826 1515 1216 1603 Ausonius,
1278 1514 1744 1601 Prudentius,
1809 1516 2170 1605 SidoniuS,
2246 1518 2794 1614 venantumque,

484 1664 617 1715 sua
651 1638 1042 1728 Carmina3
1101 1635 1304 1735 quod
1360 1660 1455 1708 ex
1515 1659 1767 1708 eorum
1828 1636 2160 1736 Prologis
2209 1640 2506 1716 abunde
2558 1653 2790 1741 patet.

490 1761 695 1850 Quid
722 1760 1042 1861 quaeris?
1095 1759 1265 1858 Ipse
1300 1783 1594 1857 quoque
1634 1758 2351 1836 Horatius-Libellos
2388 1788 2556 1837 suos
2571 1762 2794 1862 junc-

486 1886 622 1961 tim
681 1885 917 1959 editos
972 1894 1225 1982 aperte
1261 1882 1596 1971 indicat3
1652 1883 1968 1979 primum
2017 1884 2447 1956 Carminum
2516 1886 2787 1959 librum

487 2034 581 2085 ex
615 2005 985 2103 Prolog03
1043 2002 1453 2077 secundum
1489 2003 1939 2104 tertiumque
1997 2030 2092 2079 ex
2147 2005 2534 2104 Epilogis;
2592 2006 2794 2105 Epo-

488 2130 623 2205 dos
692 2153 786 2203 ex
864 2126 993 2201 illo
1061 2125 1288 2216 XIV,
1383 2129 1713 2224 Inceptos
1781 2132 1943 2204 olim
2031 2133 2450 2227 promissum
2513 2155 2799 2205 carmen

485 2253 775 2329 Iambos
841 2253 941 2325 ad
1004 2252 1396 2324 umbilicum
1473 2256 1826 2327 adducere
1847 2287 1879 2345 ,·
1968 2253 2405 2329 Sermonum
2474 2253 2794 2351 priorem

483 2370 757 2447 librum
793 2392 889 2441 ex
921 2391 1136 2440 versu
1170 2365 1462 2455 ultim0,
1525 2369 1584 2443 I
1595 2394 1786 2473 puer
1820 2380 2028 2466 atque
2061 2396 2210 2444 meo
2246 2376 2425 2444 citus
2460 2373 2607 2443 Izoec
2642 2373 2798 2444 sub-

485 2498 710 2571 scribe
741 2515 1113 2582 LIBELL03
1167 2489 1647 2589 posteriorem
1684 2516 1776 2566 ex
1816 2493 2177 2593 Prologo:
2233 2496 2551 2594 priorem
2614 2520 2792 2569 vero

479 2616 983 2717 Epistolarum
1041 2626 1121 2689 et
1177 2639 1275 2689 ex
1336 2615 1653 2714 Prologo
1709 2628 1787 2691 et
1841 2642 1936 2692 ex
1972 2617 2312 2718 Epilogo.
2419 2620 2793 2705 Quartum

481 2768 661 2820 vero
690 2741 1129 2818 Carminum
1192 2750 1268 2813 et
1329 2737 1829 2835 Epistolarum
1883 2741 2296 2818 secundum
2357 2745 2565 2839 longo
2628 2755 2800 2840 post

418 2893 419 2896 ’
485 2877 736 2942 cetera
790 2864 1156 2937 souervallo
1220 2863 1520 2938 emissos
1567 2888 1753 2954 esse,
1789 2863 2292 2963 plenissimum
2328 2877 2440 2942 est
2474 2867 2800 2941 Suetonii

484 2987 1021 3077 testimonium,
1077 2985 1276 3085 quod
1330 2985 1455 3085 qui
1491 2997 1621 3060 aut
1653 2987 1986 3065 refellere
2021 3004 2152 3065 aut
2186 2989 2487 3067 eludere
2523 3012 2802 3068 conan-

482 3124 637 3205 tur,
678 3113 981 3187 inanem
1038 3135 1337 3211 operam
1396 3112 1801 3186 insumunt.
1912 3113 2055 3186 His
2093 3113 2250 3212 jam
2287 3112 2593 3210 positis3
2654 3114 2802 3212 pri-

484 3257 690 3318 mum
754 3236 1050 3314 Horatii
1110 3255 1297 3337 opus
1358 3245 1601 3311 statuo
1667 3236 2080 3312 Sermonum
2131 3238 2402 3313 librum
2452 3240 2800 3336 primum,

481 3384 707 3461 quem
792 3361 1112 3436 triennio
1196 3357 1510 3458 perfecit
1591 3360 1785 3434 intra
1869 3384 2103 3436 annos
2181 3363 2417 3438 aetatis
2491 3361 2799 3440 XXVI.

484 3483 827 3560 XXVIL
890 3480 1276 3557 XXVIII.
1332 3492 1592 3579 postea.
1665 3487 2040 3560 secuudum
2120 3486 2439 3560 triennio
2501 3485 2798 3576 itidem,

483 3609 695 3684 annis
730 3605 1029 3681 XXXI.
1086 3604 1430 3681 XXXII.
1494 3604 1883 3681 XXXIII.
1949 3607 2220 3682 deinde
2264 3610 2558 3705 Epodos
2591 3609 2801 3683 bien·

482 3731 642 3823 nio,
675 3728 1052 3805 XXXIV.
1086 3742 1165 3806 et
1200 3729 1533 3805 XXXV.
1571 3745 1730 3806 tum
1758 3733 2161 3809 caminum
2192 3732 2459 3806 librum
2482 3735 2802 3829 primvm

484 3853 836 3945 triennio,
894 3852 1269 3931 XXXVI.
1330 3852 1751 3930 XXXVII.
1818 3854 2285 3931 XXXVIII.
2393 3856 2795 3932 Soemzdum

483 3975 816 4068 biennio,
852 3975 1022 4053 XL.
1085 3975 1301 4052 XLI.
1436 3979 1755 4053 Tertium
1810 3979 2085 4077 pariter
2139 3978 2469 4070 biennio,
2530 3978 2796 4056 XLII.

485 4099 790 4177 XLIII.
876 4101 1052 4177 inde
1130 4101 1620 4197 Epistolamm
1689 4102 2003 4198 primum
2085 4104 2416 4196 biennio,
2500 4103 2797 4180 XLVI.

486 4222 821 4298 XLVII.
848 4236 1009 4300 tum
1032 4227 1442 4303 Carminum
1465 4226 1592 4303 lib.
1623 4238 1954 4324 quartum
1972 4241 2051 4305 et
2071 4231 2425 4306 Simulare
2448 4226 2800 4317 triennio,

488 4345 779 4446 XLIX.
820 4347 915 4426 L.
948 4348 1082 4427 LI.
1124 4351 1503 4431 Postremo
1532 4354 1781 4428 Artem
1809 4357 2172 4432 Poeticam
2195 4369 2278 4433 et
2306 4354 2802 4457 Epistolarum
